2485 3003
197 193 1374 283 ηο-Διὰὸοὶυο-ἠιπϋοιιοιιηοροοωηηαιηο
1396 215 1935 265 qurougiom
1958 222 2008 252 st
2018 214 2268 265 intelligendae

199 275 505 326 W
505 275 652 313 ddi-
643 279 770 314 aad.
791 275 1013 314 stolen-n
1038 275 1142 314 ani·
1163 286 1185 313 a
1205 274 1413 321 Pir-moyse
1445 273 1615 322 magi-tm
1645 270 1849 318 οὼοειιοῑῦ)
1877 272 2086 320 religionem
2117 272 2271 310 maximi

198 335 345 375 beroe·
355 330 851 374 ademto-nurma-
861 333 1216 374 οιίοιιίο--ώοῶῐ,
1245 332 1475 369 ucerdoaun
1500 330 1774 367 Phoeniciorum
1811 328 1967 365 dowin-
2004 340 2092 365 usus
2129 334 2197 371 est,
2233 329 2268 365 in

199 387 475 439 &mm-:spu
512 387 834 428 iuter—sacerdote·
867 388 1191 436 κοῦραι-σιὰ
1227 399 1322 437 quae
1360 388 1411 426 illi
1446 387 1491 425 de
1529 387 1632 425 rebus
1663 385 1793 424 divinis
1829 383 2006 423 docebant
2042 397 2104 432 per
2140 386 2268 424 multos

197 456 320 484 *ε
350 446 508 488 edidicit,
566 443 779 490 Bsbyionun
820 446 856 480 in
900 443 1046 483 exilium
1090 457 1152 491 per
1195 446 1408 490 cambysem
1452 445 1626 482 deductus
1672 441 1932 482 Chaldaeorum
1975 443 2034 479 vel
2079 444 2267 491 Magorum

197 501 640 551 «ὤφθη-πῃ,
665 511 698 546 a
720 500 841 538 Persis
869 501 1003 549 recepit
1026 501 1221 548 ¹incruenta
1237 501 1415 543 minda,
1452 513 1501 537 ex
1532 501 1617 537 Asia
1641 500 1798 549 denique
1830 499 1942 535 redux
1965 499 2139 545 mysteriis
2165 499 2266 535 Jovis

199 559 347 604 w,
373 560 500 596 Bacchi
524 559 680 600 Tfincfix,
705 562 883 604 praeterea
905 559 1156 596 semotis-eii·
1174 559 1329 595 initiatus
1352 563 1418 594 est.
1441 559 1539 594 Haec
1562 559 1680 595 omnia
1703 570 1724 596 a
1747 557 1930 593 veteribus
1954 557 2076 594 tradita
2101 557 2268 593 Roetlnus

198 614 457 654 domavit
480 614 550 651 fids
575 625 646 651 non
677 614 821 663 indigna
853 624 948 658 esse.
984 614 1092 652 modo
1117 614 1363 661 Epimenidem
1388 614 1615 662 Pythagorae
1648 614 1843 662 aequalem
1876 611 1927 649 ab
1961 611 2034 648 alio
2067 614 2269 661 antiquiore

198 672 469 721 dfflquamns.
494 671 620 719 Neque
642 675 779 708 temere
801 672 897 708 idem
922 672 1109 708 orationes
1117 671 1366 708 Crotonienses
1390 682 1413 706 a
1436 671 1631 706 Jamblicho
1655 671 1816 715 traditas,
1841 671 1913 706 etsi
1937 670 2170 715 comprobare
2194 681 2265 705 non

198 732 328 775 potest,
349 728 462 765 credit
485 732 605 765 tamen
621 728 766 765 easdem
790 740 868 765 esse
888 739 1045 777 quarum
1067 729 1202 765 mentio
1225 727 1320 774 apud
1333 728 1589 765 Dicaearchum
1615 733 1735 764 exstat.
1760 726 1801 764 In
1827 725 1894 765 illis
1920 739 2006 764 vero
2032 727 2269 774 perexempla

197 797 243 821 ex
273 785 445 834 reflgione
485 785 646 832 populari
678 786 888 832 deprompta
928 797 1069 822 morum
1110 785 1349 833 integritatem
1390 785 1614 832 Pythagoras
1644 785 1835 829 juventuti,
1873 785 2027 826 civibus,
2069 783 2269 819 mulieribus

197 842 460 880 commendavit
472 855 481 887 ;
518 843 757 884 adolescentes
781 848 971 890 praeterea
998 844 1157 880 hortatus
1188 846 1246 880 est
1277 846 1317 878 ut
1342 840 1602 878 conformandis
1633 842 1780 890 ingeniis
1809 843 1957 887 opera‘m
1981 841 2116 878 darent.
2166 839 2267 883 Quid,

197 898 297 946 quod
317 902 438 935 totum
462 899 536 934 fere
560 900 720 947 religioni
745 900 900 940 dicatum
924 903 983 934 est
1006 911 1139 945 poema
1160 897 1245 935 iilud
1260 898 1454 944 Orphicum
1478 898 1499 932 i.
1516 909 1547 932 e.
1564 899 1609 933 ad
1636 899 1799 943 mysteria
1816 897 2023 945 cultumque
2035 898 2269 943 Orphicorum

197 955 388 1002 pertinens.
425 957 522 1004 quod
554 956 642 1004 ἱερὸς
671 957 771 1005 λόγος
804 957 1031 993 inscribitur?
1080 956 1193 1005 Atqui
1218 956 1284 992 hoc
1321 967 1345 992 a
1368 956 1578 1004 Pythagora
1610 956 1844 1001 compositum
1884 955 1989 991 tradit
2011 955 2268 1004 grammaticus

195 1013 456 1050 Alexandrinus
482 1015 619 1050 saeculi
646 1024 679 1050 a.
692 1015 755 1051 Ch.
779 1013 841 1057 IL,
867 1015 925 1050 cui
953 1015 1129 1050 immerito
1154 1025 1178 1051 a
1202 1013 1454 1051 recentioribus
1476 1013 1584 1049 fidem
1611 1013 1735 1060 negari
1760 1014 1843 1049 mihi
1868 1013 2016 1061 quidem
2040 1011 2265 1058 Roetliius⁸’)

194 1070 376 1116 persuasit.
424 1070 541 1116 Hujus
576 1075 697 1107 autem
730 1071 906 1117 poematis
939 1068 1121 1107 consilium
1154 1070 1189 1106 id
1224 1074 1299 1112 est.
1336 1074 1376 1106 ut
1400 1082 1463 1116 pro
1488 1070 1613 1107 sabulis
1638 1070 1745 1119 vulgo
1778 1072 1929 1117 acceptis
1954 1083 2063 1117 purae
2089 1081 2266 1117 veraeque

195 1126 241 1163 de
264 1127 368 1163 rebus
392 1127 515 1163 divinis
540 1128 704 1164 notiones
730 1128 851 1175 populi
874 1128 1003 1164 animis
1028 1127 1283 1174 imprimantur.
1333 1126 1467 1175 Itaque
1502 1138 1597 1175 quae
1623 1128 1748 1176 religio
1774 1126 1955 1174 popularis
1981 1128 2025 1163 de
2052 1128 2117 1164 diis
2144 1127 2265 1163 trade-

193 1182 278 1227 bat,
318 1184 365 1221 ad
390 1184 590 1222 edocendas
625 1185 803 1221 hominum
841 1189 978 1221 mentes
1002 1185 1217 1222 adhibentur.
1272 1186 1318 1221 Et
1342 1197 1422 1221 cum
1449 1186 1575 1234 vulgus
1602 1186 1689 1221 deos
1722 1186 1856 1221 coleret
1880 1187 2004 1233 quales
2030 1185 2206 1222 Homerus
2232 1190 2268 1219 et

194 1242 376 1278 Hesiodus
401 1243 652 1288 depinxerant,
669 1243 842 1279 *humana
867 1243 983 1288 specie
1009 1243 1202 1288 praeditos,
1241 1243 1406 1280 humanis
1430 1244 1526 1278 vitiis
1553 1244 1740 1284 foedatos,
1774 1244 1995 1291 Pythagoras
2021 1243 2128 1278 deum
2153 1254 2261 1277 unum

193 1310 272 1334 esse
295 1299 454 1335 crederet
478 1300 722 1347 eumque‘qui
746 1297 888 1335 coelum
920 1300 974 1334 vel
1000 1300 1207 1335 universum
1241 1301 1409 1336 mundum
1437 1301 1706 1346 amplecteretur
1732 1305 1768 1336 et
1793 1305 1975 1347 tamquam
1999 1300 2121 1335 anima
2147 1298 2266 1335 mundi

193 1366 315 1391 rerum
340 1359 503 1391 naturam
529 1359 746 1402 penetraret:
786 1356 874 1392 haec
900 1356 943 1392 de
969 1356 1037 1391 deo
1063 1357 1237 1393 sententia
1263 1361 1398 1405 quanto
1424 1358 1468 1394 sit
1491 1358 1550 1394 illa
1575 1358 1809 1404 praestantior
1834 1358 1884 1393 ita
1908 1354 2092 1393 ostendere
2118 1360 2265 1392 conatus

193 1418 264 1455 est
288 1416 329 1449 ut
352 1414 466 1458 primo
493 1414 630 1449 fabulas
656 1412 822 1461 vulgares
848 1418 1007 1450 narraret
1030 1426 1075 1449 ne
1093 1415 1374 1450 obscoenissimis
1399 1416 1540 1462 quidem
1565 1416 1715 1457 omissis,
1740 1427 1811 1460 quo
1837 1416 1952 1463 magis
1976 1426 1998 1466 a
2024 1416 2155 1450 lectore
2179 1426 2265 1450 con-

192 1473 453 1513 temerentur,
495 1471 607 1506 altera
629 1470 754 1506 deinde
788 1474 886 1516 parte
912 1482 1014 1506 suam
1047 1470 1244 1506 doctrinam
1269 1476 1469 1518 exponeret.
1519 1473 1600 1507 Jam
1627 1472 1720 1507 enim
1753 1470 1907 1507 breviter
1932 1462 2068 1507 tantum
2095 1472 2264 1509 hortatus

193 1538 237 1563 ne
262 1527 350 1575 quid
373 1531 476 1574 turpe
500 1527 640 1563 auditor
676 1532 739 1563 aut
770 1539 849 1563 cum
888 1526 966 1564 aliis
987 1532 1060 1564 aut
1083 1528 1176 1563 solus
1201 1529 1417 1571 committat
1456 1529 1559 1564 tectis
1585 1529 1701 1564 verbis
1726 1529 1829 1564 docet
1853 1529 2032 1574 eiusmodi
2057 1528 2166 1572 deos,
2203 1528 2264 1575 qui

192 1585 351 1630 turpibus
374 1585 586 1620 facinoribus
613 1595 682 1620 non
707 1585 947 1626 abstinuerint,
973 1596 1034 1630 pro
1059 1585 1124 1620 diis
1149 1596 1379 1631 nequaquam
1404 1598 1486 1621 esse
1513 1587 1701 1622 habendos.
1727 1586 1820 1621 Tum
1845 1587 1973 1621 eodem
1987 1586 2087 1621 Jovis
2112 1586 2263 1625 nomine,

191 1653 263 1688 quo
287 1642 399 1688 primo
425 1641 531 1677 deum
559 1642 789 1677 Homericum
814 1646 981 1686 vocarat,
1006 1653 1088 1677 eum
1114 1642 1269 1688 appellat
1293 1644 1353 1687 qui
1377 1641 1506 1679 finibus
1528 1644 1700 1690 temporis
1723 1644 1899 1690 spatiique
1935 1646 2122 1688 exemptus
2149 1646 2262 1677 totum

190 1699 364 1734 mundum
387 1699 422 1733 in
447 1710 486 1733 se
511 1703 721 1745 susceptum
754 1700 855 1734 serat.
888 1699 1077 1733 Manifesto
1102 1699 1209 1746 igitur
1240 1700 1398 1735 notiones
1424 1700 1683 1735 diversissimae
1715 1701 1766 1736 ita
1790 1701 2012 1746 copulantur,
2056 1705 2093 1735 ut
2117 1700 2260 1744 Jupiter,

191 1766 412 1802 quamquam
435 1761 539 1791 natus
565 1761 601 1791 et
624 1760 737 1797 ortus,
769 1768 809 1791 se
831 1756 906 1802 ipse
932 1756 1041 1791 saciat
1064 1756 1249 1801 τετρωιτόν
1273 1762 1309 1792 et
1334 1757 1391 1799 ἔν,
1424 1758 1455 1793 h.
1483 1770 1513 1792 e.
1540 1769 1669 1793 numen
1694 1769 1918 1803 supremum,
1961 1758 2153 1797 infinitum,
2193 1768 2261 1791 non

191 1816 319 1849 ormm.
345 1812 425 1855 Qua
450 1814 585 1849 ratione
609 1813 705 1860 quod
729 1813 868 1849 finitum
892 1814 926 1848 in
950 1814 1123 1850 infinitum
1140 1818 1305 1856 mutatur,
1329 1815 1364 1851 id
1389 1814 1472 1851 nihil
1497 1827 1573 1850 esse
1598 1819 1694 1850 recte
1723 1815 1892 1850 Roethius
1918 1820 2038 1850 monet
2061 1814 2127 1850 nisi
2148 1814 2262 1849 fictio·

190 1881 273 1905 nem
298 1870 489 1915 poeticam,
515 1880 592 1916 qua
614 1871 743 1905 vitetur
768 1871 928 1905 doctrina
951 1871 1169 1916 periculosa,
1194 1882 1261 1906 non
1287 1872 1415 1907 Jovem
1441 1873 1502 1907 sed
1528 1872 1716 1917 τετρακτύν
1739 1872 1980 1907 venerandam
2006 1883 2099 1906 esse.

363 1926 544 1962 Socratem
569 1925 755 1973 diligenter
790 1927 935 1963 modum
961 1928 1114 1973 patrium
1151 1928 1238 1964 deos
1264 1929 1399 1964 colendi
1436 1940 1593 1965 servasse
1629 1933 1776 1966 constat.
1826 1928 2005 1974 Supremis
2038 1929 2131 1964 enim
2167 1928 2261 1963 vitae

191 1983 285 2018 horis
321 1982 525 2029 discipulos,
571 1983 600 2018 si
623 1980 762 2018 Platoni
795 1983 989 2027 credimus,
1024 1984 1186 2020 hortatus
1219 1988 1294 2025 est.
1331 1986 1568 2032 precationem
1602 1985 1759 2022 facerent
1797 1990 1836 2021 ut
1870 1986 2034 2033 migratio
2069 1985 2147 2020 hinc
2181 1985 2262 2020 illue

189 2040 338 2076 feliciter
361 2041 526 2082 eveniret,
551 2052 642 2075 neve
667 2051 774 2086 quem
798 2040 876 2086 ipse
901 2053 945 2076 ex
969 2045 1053 2077 voto
1080 2042 1289 2088 Aesculapio
1316 2043 1470 2088 deberet,
1502 2044 1633 2091 gallum
1659 2044 1724 2079 rite
1750 2043 1890 2078 solvere
1916 2042 2260 2087 obliviscerentur.”)

189 2096 349 2133 Eundem
375 2096 574 2143 Xenophon
601 2097 757 2133 ostendit
782 2097 927 2133 deorum
952 2098 1145 2144 patriorum
1179 2102 1459 2145 contemptorem
1484 2112 1553 2136 non
1586 2099 1712 2143 fuisse,
1751 2101 1843 2147 quod
1870 2107 1904 2135 et
1928 2111 2030 2135 sacra
2062 2100 2202 2135 fecisset
2227 2107 2262 2135 et

189 2154 400 2190 divinatione
424 2166 508 2190 usus
532 2159 651 2200 esset,
689 2155 841 2202 aliisque
866 2159 906 2191 ut
930 2159 1110 2191 uterentur
1134 2156 1331 2192 suasisset:
1375 2162 1563 2204 praeterea
1587 2158 1715 2192 relictis
1748 2156 1857 2193 rebus
1882 2157 2005 2192 divinis
2031 2158 2086 2192 vel
2112 2158 2259 2202 physicis

189 2210 354 2259 (utraque
379 2212 474 2247 enim
497 2223 572 2248 una
596 2223 620 2248 a
645 2210 858 2259 philosophis
881 2211 1136 2260 tractabantur)
1160 2224 1250 2260 quas
1276 2214 1321 2249 ab
1346 2214 1544 2250 hominibus
1571 2226 1640 2250 non
1658 2226 1764 2261 posse
1788 2212 1938 2262 intelligi
1962 2214 2149 2253 statuisset
2176 2226 2259 2250 om-

188 2280 269 2304 nem
294 2268 498 2304 industriam
524 2268 716 2305 collocasse
740 2270 775 2304 in
799 2268 908 2305 rebus
944 2270 1108 2305 humanis
1134 2271 1385 2319 cognoscendis
1418 2275 1454 2307 et
1477 2272 1682 2315 tradendis3
1721 2272 1876 2319 denique
1910 2276 2028 2307 ratum
2067 2273 2147 2307 esse
2172 2272 2258 2307 deos

187 2337 292 2362 nosse
313 2327 443 2368 omnia
468 2326 600 2363 adesse
625 2327 769 2374 ubique,
792 2327 975 2363 consulere
1000 2327 1204 2364 hominibus.
1209 2327 1260 2376 ⁹¹)
1286 2328 1448 2365 Socrates
1475 2330 1583 2378 igitur
1599 2330 1769 2377 religione
1794 2341 1863 2365 non
1890 2329 1935 2365 ad
1952 2340 2072 2365 rerum
2097 2334 2257 2364 naturam

186 2383 472 2431 cognoscendam
485 2394 570 2421 usus
589 2387 656 2428 est,
679 2383 741 2419 sed
753 2386 892 2420 tantum
913 2384 961 2420 ad
980 2394 1063 2420 eam
1075 2384 1315 2431 philosophiae
1337 2391 1471 2432 partem
1494 2391 1532 2421 et
1548 2386 1769 2422 condendam
1783 2390 1819 2422 et
1832 2386 2049 2423 tradendam
2074 2398 2165 2433 quae
2182 2386 2257 2434 agit

187 2440 235 2477 de
247 2440 325 2476 vita
336 2440 435 2477 bene
444 2440 669 2488 instituenda.
693 2440 821 2478 Etiam
828 2440 887 2477 uhi
903 2444 1030 2478 contra
1041 2441 1301 2479 Aristodemum
1326 2443 1370 2480 de
1387 2444 1559 2490 sapientia
1576 2443 1694 2480 ὤιίῐιιι
1710 2444 1857 2487 disserit,
1882 2442 1930 2479 nil
1950 2443 2015 2479 nisi
2032 2443 2101 2480 hoc
2117 2442 2256 2479 efficere

187 2499 323 2543 studet,
359 2498 479 2535 utine
515 2499 602 2536 deos
636 2500 732 2536 colat
762 2499 1008 2548 virtutemque
1039 2503 1201 2536 sectetur.
1227 2521 1272 2527 —
1320 2502 1423 2538 Plato
1438 2502 1532 2550 quid
1565 2502 1609 2538 de
1634 2502 1737 2538 rebus
1772 2501 1897 2539 divinis
1931 2502 2080 2537 senserit
2110 2502 2140 2536 si
2164 2506 2256 2537 esset

185 2555 453 2598 κάεοιιάιιιιι,
442 2567 488 2592 in
491 2560 655 2604 promptu
668 2557 848 2593 haberem
844 2557 1072 2601 aliquantum
1088 2556 1247 2597 locorum
1265 2570 1314 2594 ex
1330 2560 1408 2605 ejus
1434 2550 1596 2606 operibus
1614 2558 1863 2596 collectorum:
1889 2556 2064 2598 difficilius
2085 2561 2139 2594 est
2161 2557 2255 2601 dictu

185 2613 381 2659 quidum
396 2625 417 2650 e
432 2612 603 2662 religione
623 2613 790 2652 didicerit.
816 2614 922 2650 Certe
937 2614 1132 2653 acuebatur
1147 2618 1193 2653 ‚et
1209 2603 1476 2657 exercebatur
1466 2617 1648 2665 ingenium
1663 2616 1852 2665 cogitantis
1870 2615 1916 2651 de
1932 2615 2037 2653 variis
2057 2615 2252 2657 involucris,

185 2669 461 2720 quibu-„quasi
475 2672 641 2709 obducta
659 2676 702 2709 et
716 2704 719 2708 ,
732 2672 997 2710 amicuerunt
1024 2682 1269 2722 quaecuuque.
1295 2674 1488 2719 priscorum
1522 2674 1705 2719 hominum
1728 2677 1863 2709 mentes
1896 2672 1941 2708 de
1974 2672 2121 2709 summis
2147 2672 2254 2709 rebus

184 2732 436 2776 W*
462 2728 622 2767 :deornm
644 2728 732 2765 dico
763 2729 1142 2780 nominaflgnrasque
1175 2732 1214 2764 et
1237 2730 1386 2766 fabulas.
1437 2730 1492 2780 De
1526 2730 1726 2781 nominibus
1757 2730 1794 2765 in
1816 2729 1956 2774 Cratylo
1989 2728 2195 2781 ita-mirum
2219 2729 2256 2764 in
