2485 3003
1218 158 1272 207 10

197 280 299 328 quod
322 280 383 317 alii
407 291 432 317 a
455 282 508 323 dle
530 280 661 329 θήαζι
685 283 832 329 βόων,
856 282 917 319 alii
940 293 965 319 a
989 284 1163 331 θρίαμβος
1190 285 1404 331 (Qunam-
1416 285 1437 320 1-
1457 282 1600 331 mn
1622 283 1763 320 ducunt.
1797 284 1916 331 Atqui
1928 284 2038 330 ⁴hujus
2059 283 2118 321 dni
2141 284 2281 322 Sat-:at

196 346 315 372 mores
338 334 552 386 long-'naimo
576 338 709 376 distant
732 350 756 376 a
778 341 895 386 μέτρῳ
918 338 980 375 illo
1005 340 1141 389 alioqui
1164 341 1316 378 Graecis
1340 340 1505 388 proprie.
1537 340 1654 378 nuh·
1675 339 1985 387 erumpraeterea
2007 338 2220 387 nummu)
2241 344 2281 376 α
2310 358 2314 362 -

196 392 413 439 discerptus,
437 392 558 432 nullus
581 396 666 432 vino
692 400 800 432 extra
821 401 862 432 se
884 399 1007 442 raptus
1030 397 1250 435 credebatur.
1299 399 1403 434 Haec
1425 398 1505 444 ipsa
1525 398 1586 435 dei
1609 401 1646 434 et
1669 396 1804 444 gandia
1827 399 1865 432 et
1887 396 2026 432 labores
2049 397 2280 442 dithyrambis

196 448 352 485 excitato
378 450 488 487 modo
515 454 551 487 et
574 452 773 498 impetuoso
793 450 1025 496 canebantur,
1051 465 1205 502 quorum
1228 457 1384 491 metrum
1399 463 1555 502 quoque
1575 456 1652 490 tam
1673 453 1824 490 liberum
1847 455 1925 489 erat
1948 455 1989 488 ut
2001 450 2157 502 legibus
2163 463 2280 500 paene

196 506 358 543 solutum
384 507 572 544 videretur
596 507 779 545 Interdum
804 513 948 555 praeter
965 511 1149 547 Bacchum
1174 515 1212 547 «t
1235 512 1385 547 aliorum
1409 511 1558 546 heroum
1582 510 1843 557 heroidumque
1866 509 2005 544 labore·
2028 516 2067 545 et
2088 520 2281 547 aerumnae
2332 503 2339 508 ’

196 560 451 599 referebantur.
500 564 587 610 Ejus
611 564 707 600 modi
731 566 890 613 carmina
923 566 1055 611 primo,
1094 567 1179 602 dum
1204 568 1370 602 solum.a
1394 566 1638 602 Bacchantum
1664 565 1863 614 agminibus
1886 565 2118 607 canebantur,
2155 576 2280 611 param

196 619 283 656 artis
306 619 509 665 habebant;
532 624 609 657 tum
635 622 680 657 ab
694 621 826 658 Arione
851 626 966 659 certas
992 624 1090 671 leges
1107 628 1330 669 acceperunt,
1355 623 1505 668 deuiaewe
1530 634 1553 659 a
1577 623 1727 659 summis
1752 623 1863 669 poetis
1876 621 2055 658 Simonide
2080 626 2115 658 et
2128 614 2280 659 Pindaro

190 675 267 710 hoc
290 687 407 724 genus
427 677 583 712 maxime
607 677 801 723 expolitum
826 682 889 713 est.
903 698 951 704 —
976 677 1125 724 Reliqua
1148 680 1217 715 tria
1241 690 1376 728 genera
1398 681 1452 715 ita
1476 679 1795 728 distinguebantur,
1820 684 1859 714 ut
1882 678 1981 725 εὐχαί
2002 689 2133 724 preces,
2156 678 2282 724 θρῆνοι

196 736 340 776 questus
374 733 608 775 continerent,
648 744 805 779 paeanes
842 736 977 782 gratias
1009 739 1156 782 agerent
1191 736 1438 782 laetitiamque
1472 736 1702 783 tranquillam
1739 739 1777 770 et
1809 735 1994 770 honestam
2026 734 2281 780 exprimerem

197 796 429 837 quamquam
453 787 494 825 Il.
519 789 550 825 A
577 788 669 835 473,
706 789 871 837 Sophocl.
897 791 940 828 Ο.
966 791 1006 826 R.
1033 792 1055 827 4
1079 792 1247 838 precandi
1271 792 1345 828 vim
1369 803 1485 839 paean
1511 792 1640 829 habere
1666 792 1813 828 videtur.
1827 790 1877 836 ⁵²)
1926 790 2023 828 Inter
2047 802 2140 839 quae
2165 801 2280 838 paean

196 856 270 880 non
295 857 397 880 secus
423 858 466 881 ac
490 846 632 893 reliqua
657 848 824 882 inferiore
849 852 971 883 aetate
989 849 1152 883 omnibus
1177 854 1321 894 praeter
1336 850 1515 885 Bacchum
1541 850 1606 883 diis
1622 850 1822 894 promiscue
1846 861 1948 884 sacer
1973 854 2061 884 erat.
2087 849 2156 884 Sed
2173 849 2281 889 initio,

196 904 237 936 ut
262 902 359 948 apud
375 902 575 938 Homerum
599 900 622 938 l.
649 914 689 945 c.,
716 904 841 950 Apollo
865 907 1016 946 tantum,
1042 904 1099 940 cui
1115 905 1239 941 Paean
1264 905 1285 940 i.
1311 917 1341 941 e.
1367 917 1507 947 sanans,
1531 915 1674 941 servans
1699 916 1899 954 cognomen
1925 909 2032 945 esset.
2058 905 2125 941 hoc
2150 916 2281 954 genere

198 956 396 994 celebratus
421 959 557 1006 est,⁶⁸)
592 961 645 995 ita
679 965 717 995 ut
741 962 817 1006 ipse
853 961 942 996 deus
967 962 1124 997 Paeanis
1158 964 1299 998 nomine
1324 964 1560 998 invocaretur.
1610 962 1733 996 Paean
1765 962 1871 1008 igitur
1905 973 1974 996 non
2004 962 2123 997 solum
2158 962 2279 997 diebus

197 1014 299 1050 festis
323 1019 386 1051 aut
412 1016 507 1062 apud
531 1017 666 1063 templa
682 1018 884 1059 canebatur,
909 1017 974 1053 sed
994 1022 1076 1054 ante
1103 1018 1274 1065 proelium
1300 1022 1335 1054 et
1360 1023 1438 1065 post
1453 1017 1653 1059 victoriam,
1678 1017 1887 1053 imminente
1904 1017 2059 1063 periculo
2085 1021 2121 1052 et
2144 1021 2283 1053 remota

198 1071 422 1115 calamitate,
460 1077 543 1109 ante
568 1085 656 1120 opus
692 1075 804 1110 iterve
828 1075 1113 1121 suscipiendum,
1151 1076 1317 1123 denique*
1332 1079 1413 1122 post
1436 1086 1597 1111 coenam.
1647 1074 1705 1110 Sic
1730 1074 1962 1110 Athenienses
1986 1075 2168 1111 oraculum
2195 1074 2282 1110 Del-

197 1128 340 1173 phicum
366 1129 545 1165 hortatum
569 1142 648 1166 esse
672 1131 839 1175 traditur,
864 1136 902 1168 ut
927 1130 954 1167 a
980 1131 1084 1167 παιάν
1108 1133 1298 1169 clamantes
1322 1134 1356 1168 in
1382 1132 1556 1178 proelium
1581 1132 1679 1167 irent.
1729 1131 1854 1173 Qualis
1878 1135 2000 1167 autern
2027 1142 2143 1176 paean
2169 1132 2281 1173 suerit,

197 1184 302 1221 facile
337 1197 381 1221 eo
416 1190 583 1233 apparet,
621 1188 718 1235 quod
744 1187 972 1234 dithyrambo
999 1189 1184 1235 opponitur
1208 1188 1337 1236 (Legg.
1362 1187 1431 1230 111,
1458 1200 1489 1234 p.
1516 1186 1636 1234 7OEd)
1667 1191 1702 1223 et
1736 1199 1759 1223 a
1782 1187 1972 1224 Plutarcho
2004 1192 2193 1235 τεταγμένη
2226 1193 2282 1225 καὶ

200 1241 348 1288 σώφρων
372 1243 486 1287 μοῦσα
511 1242 730 1290 appellaturi
757 1244 907 1280 carebat
930 1245 1091 1280 videlicet
1116 1245 1226 1280 nimia
1241 1246 1301 1280 illa
1326 1246 1435 1280 animi
1453 1245 1723 1291 perturbatione.
1747 1245 1911 1280 Paeanes
1925 1244 2095 1280 Pindarus
2120 1245 2282 1280 sacrificii

197 1295 279 1335 loco
306 1300 373 1335 deo
399 1300 570 1347 Delphico
597 1302 789 1345 oflerebat;
815 1302 986 1348 optimum
1011 1314 1094 1337 vero
1120 1301 1204 1338 fecit
1230 1302 1336 1338 homo
1361 1300 1451 1338 alias
1478 1302 1623 1350 ignotus
1647 1301 1875 1347 Tynnichus;
1901 1294 2171 1347 pulcherrimum
2196 1301 2282 1343 fere,

199 1358 239 1389 ut
263 1356 313 1389 ait
338 1357 461 1401 Plato,
501 1358 658 1391 omnium
684 1359 890 1392 carminum.
942 1359 1102 1392 Eundem
1127 1368 1268 1404 paeana
1306 1369 1387 1392 cum
1421 1358 1569 1404 antiquo
1606 1357 1794 1391 simulacro
1832 1357 2052 1402 comparavit
2076 1358 2282 1403 Aeschylus,

199 1410 294 1457 quod
319 1423 390 1446 non
408 1416 494 1448 arte
519 1413 802 1456 admirationem,
828 1414 890 1449 sed
915 1415 1142 1460 simplicitate
1167 1415 1403 1450 reverentiam
1427 1414 1568 1459 injiciat.
1593 1412 1651 1449 Ita
1676 1425 1791 1459 paean
1812 1414 1986 1464 perfectus
2001 1414 2118 1461 magis
2139 1414 2281 1459 pietatis

199 1477 313 1514 quam
340 1469 470 1516 ingenii
487 1471 620 1504 fructus
645 1471 758 1505 fuisse
777 1469 978 1517 videtur.⁵⁹)
1003 1469 1046 1505 In
1072 1482 1251 1516 paeanum
1275 1470 1483 1518 fragmentis
1510 1480 1607 1516 quae
1633 1473 1787 1514 exstant,
1812 1470 1856 1504 de
1881 1480 2002 1517 pugna
2026 1480 2109 1504 cum
2122 1470 2282 1514 Pythone

194 1525 338 1572 agitur,
384 1525 429 1560 de
471 1524 618 1576 oraculo
654 1526 828 1572 Delphico
867 1532 1058 1573 occupato,
1108 1528 1264 1567 condito.
1311 1532 1538 1571 consecrato,
1587 1527 1631 1561 de
1672 1527 1794 1571 templi
1837 1527 2030 1571 splendore.
2081 1526 2283 1562 Sententiae

199 1590 351 1628 quoque
388 1581 503 1616 seriae
542 1586 578 1617 et
613 1581 931 1629 contemplationes
966 1584 1199 1618 inveniuntur.
1251 1583 1409 1618 Metrum
1442 1583 1583 1618 varium
1607 1582 1722 1617 fuisse
1757 1582 1906 1617 videtur.
1921 1580 1969 1629 ⁸⁰)
1995 1601 2040 1607 —-
2090 1582 2282 1618 Oraculum

197 1638 426 1684 Delphicum
464 1644 505 1675 ut
528 1640 682 1685 Apollini
705 1652 864 1682 sacrum,
900 1642 950 1677 ita
976 1642 1116 1676 Baccho
1143 1653 1211 1676 non
1236 1642 1391 1676 alienum
1417 1645 1501 1675 erat.
1552 1641 1754 1675 Parnassus
1784 1641 1925 1686 utrique
1950 1641 2162 1680 communis,
2199 1641 2284 1675 tibia

199 1705 281 1730 cum
315 1695 450 1731 cithara
484 1696 622 1731 sociata
655 1700 741 1732 erat.
790 1695 879 1732 Ideo
913 1708 980 1732 non
1020 1697 1126 1732 modo
1164 1696 1308 1742 eruditi,
1349 1696 1411 1734 sed
1444 1696 1552 1731 etiam
1576 1695 1767 1731 multitudo
1792 1697 1962 1731 festorum
1995 1695 2223 1750 strepentium
2249 1700 2284 1731 et

194 1753 400 1796 jocosorum
428 1753 586 1787 studiosa
611 1753 767 1797 Delphos
792 1755 1039 1795 conveniebat;
1078 1764 1191 1799 quare
1217 1755 1352 1788 sactum
1379 1753 1517 1787 videtur
1542 1753 1678 1793 Curtio
1710 1760 1749 1787 ut
1772 1753 1916 1796 Delphis
1941 1753 2160 1796 potissimum
2185 1754 2282 1797 leges

198 1806 328 1843 artium
367 1812 402 1843 et
438 1808 596 1844 musicae
634 1812 670 1845 et
706 1809 869 1855 poeticae
906 1810 1134 1845 sancirentur.
1197 1807 1294 1845 Inter
1330 1809 1426 1855 ipsos
1464 1806 1634 1855 Apollinis
1670 1808 1873 1844 sacerdotes
1910 1808 2119 1854 hymnorum
2155 1812 2282 1855 poetae

200 1867 236 1898 et
260 1869 423 1898 cantores
449 1870 567 1906 erant,
605 1877 758 1911 quorum
787 1867 905 1910 hymni
931 1867 1039 1901 etiam
1073 1867 1108 1899 in
1134 1864 1295 1900 colonias
1334 1865 1609 1910 perferebantur.
1660 1866 1779 1899 Etiam
1812 1866 1959 1899 oracula
1989 1866 2085 1899 viros
2110 1876 2278 1899 versuum

200 1920 526 1966 componendorum
561 1921 693 1968 peritos
718 1920 976 1969 requirebant3
1020 1922 1101 1968 quin
1125 1922 1242 1969 ipsum
1275 1921 1523 1957 hexametrum
1557 1920 1602 1956 ibi
1635 1920 1814 1956 inventum
1850 1932 1930 1957 esse
1962 1921 2133 1957 traditum
2160 1923 2221 1957 est.
2233 1919 2281 1967 ⁸¹)

199 1975 244 2011 In
270 1977 368 2022 poesi
393 1978 501 2021 lyrica
526 1979 562 2012 id
586 1990 703 2026 genus
729 1980 775 2013 ab
800 1977 963 2024 Apolline
990 1979 1162 2023 Delphico
1187 1979 1364 2022 repetitur,
1389 1978 1485 2023 quod
1509 1978 1679 2012 Doricum
1704 1978 1780 2011 sive
1806 1978 1977 2012 Cretense
2003 1978 2138 2012 dicitur.
2163 1976 2278 2021 Hujus

199 2034 300 2068 tanta
325 2036 404 2069 erat
420 2033 600 2077 severitas,
626 2038 668 2070 ut
681 2034 900 2071 Stesichorus
917 2046 999 2070 cum
1026 2034 1069 2069 de
1085 2034 1223 2070 Helena
1241 2034 1351 2070 levius
1368 2044 1511 2069 carmen
1528 2031 1677 2075 fecisset,
1703 2034 1909 2077 παλινῳδίαν
1934 2044 2063 2069 canere
2081 2037 2278 2082 cogeretur.

198 2089 343 2136 Lingua
368 2102 436 2125 non
462 2095 541 2126 erat
565 2092 709 2127 omnino
724 2092 862 2131 Dorica,
888 2093 950 2127 sed
976 2097 1052 2126 arte
1077 2094 1186 2135 sacta,
1210 2095 1250 2126 ut
1273 2092 1372 2126 velut
1396 2092 1532 2126 musica
1556 2092 1676 2138 gravis
1701 2097 1738 2127 et
1763 2092 1941 2126 sollemnis
1966 2096 2075 2126 esset.
2100 2090 2142 2125 In
2168 2092 2279 2126 altero

198 2156 332 2195 genere
347 2145 477 2183 Lesbio
504 2146 653 2194 (Alcaei,
679 2146 926 2196 Anacreontis)
952 2148 1018 2184 etsi
1037 2148 1153 2194 hymni
1179 2152 1375 2189 occurrunt,
1401 2151 1562 2184 nontam
1585 2147 1621 2184 id
1646 2148 1763 2196 agitur
1780 2151 1819 2184 ut
1844 2147 1891 2184 dii
1915 2147 2145 2189 celebrentur,
2170 2159 2278 2195 quam

197 2206 241 2238 ut
265 2204 414 2238 narratis
440 2203 590 2240 deorum
615 2203 746 2240 fabulis
771 2204 972 2249 auditorum
994 2205 1103 2240 animi
1121 2205 1350 2240 oblectentur.
1376 2205 1427 2240 Ne
1440 2205 1583 2241 Pindari
1608 2205 1751 2251 quidem
1777 2205 1927 2250 epinicia
1951 2205 2100 2240 deorum
2119 2204 2278 2240 laudibus

199 2258 374 2298 destinata
399 2263 509 2295 erant.
535 2259 606 2296 Sed
632 2260 716 2296 dum
740 2261 896 2296 victores
914 2261 1138 2309 patriamque
1163 2272 1288 2296 eorum
1314 2265 1351 2296 et
1369 2262 1525 2307 maJores
1551 2261 1818 2303 caniusabulns
1837 2260 1881 2296 de
1906 2261 2053 2297 heroum
2072 2265 2108 2296 et
2132 2261 2278 2297 deorum

198 2317 303 2352 factis
328 2315 485 2354 sollerter
510 2322 546 2354 et
564 2319 721 2363 jucunde
746 2324 856 2365 poeta
879 2318 1016 2361 inserit,
1054 2320 1096 2354 iis
1120 2331 1213 2366 quae
1238 2320 1410 2366 religione
1435 2317 1671 2355 tradebantur
1695 2319 1741 2354 ad
1768 2319 1971 2354 exornanda
1995 2319 2153 2354 carmina
2179 2331 2277 2354 ustis.

198 2371 266 2408 Illo
292 2374 408 2421 magis
432 2384 540 2409 nemo
560 2375 740 2410 abhorruit
766 2376 811 2411 ab
837 2385 960 2410 eorum
988 2373 1152 2411 moribus
1179 2375 1241 2421 qui
1264 2385 1324 2409 res
1342 2374 1480 2410 divinas
1504 2374 1650 2409 ludibrio
1669 2377 1862 2410 verterent:
1888 2374 1997 2409 immo
2007 2375 2106 2415 ‚vatis
2130 2385 2279 2410 munere

197 2430 302 2478 quasi
326 2430 527 2467 sacerdotio
552 2433 691 2468 functus
708 2435 764 2468 est
787 2435 959 2480 tantaque
984 2444 1068 2469 cum
1087 2433 1229 2479 pietate.
1254 2435 1293 2468 ut
1317 2442 1553 2479 quaecunque
1571 2431 1615 2467 de
1640 2431 1706 2467 diis
1731 2431 1846 2468 minus
1872 2432 2023 2468 honesta
2045 2432 2277 2474 traderentur,

194 2488 232 2523 in
256 2488 415 2523 medium
439 2491 597 2534 proferre
631 2488 829 2534 dubitaret,
868 2490 1000 2525 nedum
1024 2490 1100 2534 ipse
1124 2489 1213 2523 talia
1235 2490 1396 2536 fingeret.
1446 2487 1577 2534 Itaque
1602 2489 1697 2534 quod
1721 2489 1813 2524 alias
1839 2490 2066 2528 narrabatur,
2105 2489 2276 2535 Pelopem

195 2544 253 2581 vel
277 2555 301 2581 a
325 2548 425 2591 patre
449 2546 704 2583 comminutum
729 2546 868 2594 diisque
901 2545 1064 2582 convivis
1090 2545 1312 2592 appositum,
1348 2545 1406 2580 vel
1432 2545 1477 2580 ab
1501 2544 1556 2580 his
1583 2544 1735 2581 divisum
1760 2549 1796 2581 et
1823 2550 2023 2581 comestum
2048 2556 2150 2591 esse,
2186 2545 2277 2581 hanc

193 2602 477 2650 indignabundus
509 2603 725 2641 calumniam
749 2604 950 2640 vicinorum
981 2602 1093 2639 fuisse
1122 2604 1292 2644 affirmat.
1337 2602 1398 2648 qui
1431 2602 1604 2638 nescirent
1627 2613 1698 2649 quo
1731 2606 1808 2638 tam
1833 2601 1956 2638 subito
1988 2603 2120 2639 abisset
2143 2613 2230 2648 puer
2254 2612 2277 2637 a

193 2659 358 2705 Neptuno
395 2663 542 2708 amante
577 2663 699 2706 raptus
723 2659 792 2707 (01.
820 2658 869 2707 1).
916 2658 1022 2696 Idem
1059 2670 1170 2706 quam
1207 2662 1311 2695 caute
1346 2659 1514 2696 vitaverit
1544 2670 1641 2706 quae
1677 2658 1743 2694 diis
1779 2658 1999 2705 displicerent
2033 2657 2276 2707 fragmentum

196 2716 407 2762 dithyrambi
430 2716 509 2765 (50)
533 2717 656 2762 docet,
698 2718 757 2753 ubi
780 2729 820 2752 se
845 2717 988 2764 quidem
1013 2715 1147 2753 fatetur
1171 2716 1372 2761 Geryonem
1406 2714 1585 2761 praeferre
1609 2716 1775 2760 Herculi,
1816 2716 1880 2752 sed
1904 2720 2026 2751 tacere
2050 2715 2135 2761 quia
2159 2715 2275 2755 minus

192 2772 249 2809 ini·
265 2774 402 2820 Jupiter
425 2774 564 2811 faverit.
598 2773 721 2819 Neque
745 2777 889 2812 narrato
914 2773 1079 2811 Herculis
1102 2773 1238 2820 proelio
1263 2783 1344 2809 cum
1369 2772 1478 2809 tribus
1503 2771 1570 2809 diis
1595 2772 1795 2814 commisso,
1822 2782 2047 2818 quamquam
2067 2771 2104 2818 id
2127 2774 2269 2808 tanturn·
