2485 3003
360 563 554 652 Religio
597 561 735 653 apud
783 562 1005 630 Graecos
1053 583 1199 652 quam
1247 549 1343 626 viui
1391 559 1618 628 habuerit
1667 558 1732 625 ad
1782 557 2184 625 conformandam

963 676 1269 778 ingeniorum
1320 687 1568 754 culturam.

234 892 461 971 Librorum
495 934 621 980 quibus
648 934 813 976 docetur,
851 934 966 980 qualis
993 933 1214 969 Graecorum
1247 932 1370 981 religio
1401 931 1507 968 fuerit
1539 937 1574 968 et
1606 942 1697 979 quae
1727 936 1835 978 poeta
1858 932 2029 980 quisque,
2067 929 2307 978 philosophus,

236 991 462 1025 historiarum
500 991 644 1036 scriptor
678 991 721 1026 de
761 992 863 1026 rebus
900 990 1025 1025 divinis
1058 990 1221 1030 senserit,
1259 1000 1426 1024 numerus
1460 990 1516 1024 vix
1549 993 1663 1035 potest
1702 990 1799 1024 iniri:
1844 990 1957 1024 rarius
1990 988 2106 1025 altera
2137 993 2308 1025 tractami-

235 1048 415 1095 quaestio,
458 1047 547 1083 haec
572 1048 694 1097 religio
721 1059 828 1095 quam
861 1048 934 1083 vim
966 1046 1133 1083 habuerit
1165 1046 1212 1082 ad
1248 1046 1541 1081 conformandam
1572 1046 1791 1094 ingeniorum
1826 1044 2014 1082 culturam.
2065 1047 2172 1093 Atqui
2204 1047 2307 1082 velut

234 1105 405 1140 sermonis
429 1116 517 1140 usus
542 1116 609 1139 non
629 1105 742 1152 magis
767 1115 840 1140 una
864 1116 946 1139 cum
972 1104 1154 1139 hominum
1173 1103 1346 1138 mentibus
1363 1103 1560 1148 perpolitur,
1586 1113 1694 1148 quam
1710 1101 1829 1137 lumen
1845 1104 1950 1137 affert
1972 1103 2106 1138 eisdem
2121 1102 2305 1138 mentibus

235 1161 281 1196 ad
308 1161 564 1196 humanitatem
592 1161 797 1203 educendis,
836 1162 887 1196 ita
911 1160 1073 1209 religioni
1098 1159 1165 1195 etsi
1190 1170 1252 1205 pro
1278 1160 1448 1205 cujusque
1462 1158 1489 1205 ¹)
1514 1158 1665 1194 nationis
1689 1158 1804 1193 indole
1837 1162 1874 1193 et
1898 1159 2054 1194 nascitur
2078 1162 2114 1194 et
2138 1161 2305 1201 mutatur,

232 1218 311 1253 talis
336 1218 515 1265 quaedam
549 1219 601 1254 vis
636 1219 748 1254 inesse
781 1219 875 1254 haud
909 1218 1085 1253 immerito
1110 1216 1268 1252 creditur.
1319 1217 1539 1252 Graecorum
1573 1221 1608 1251 et
1639 1216 1803 1251 universa
1828 1216 1923 1251 natio
1948 1217 2117 1264 religione
2150 1216 2305 1263 quodam

234 1275 340 1310 modo
367 1276 496 1311 edocta
520 1280 556 1311 et
581 1276 732 1318 educata
758 1274 855 1322 est,²)
880 1280 916 1311 et
941 1275 1130 1321 praecipue
1156 1274 1287 1309 artium
1313 1274 1570 1324 quasqproprie
1596 1272 1743 1308 dicimus
1761 1271 1965 1318 disciplinae
1989 1273 2048 1308 illa
2072 1273 2306 1319 aliquantum,

232 1332 385 1367 nonnihil
411 1333 517 1368 etiam
544 1333 736 1368 litterarum
763 1332 942 1368 doctrinae
967 1331 1170 1367 incrementi
1196 1334 1372 1377 ceperunt.
1398 1331 1486 1366 Tres
1512 1331 1620 1379 igitur
1636 1334 1754 1376 partes
1781 1330 1882 1376 huJus
1909 1328 2018 1365 libelli
2036 1330 2304 1378 distinguuntur.

1247 1440 1284 1477 1.

401 1533 503 1568 Nulla
528 1544 595 1567 non
621 1532 666 1567 ad
701 1544 745 1566 ea
771 1536 927 1566 mentem
952 1531 1113 1566 conducit
1137 1532 1277 1579 religio,
1316 1542 1407 1578 quae
1438 1532 1598 1567 sensibus
1633 1543 1701 1566 non
1735 1531 1980 1577 percipiuntur.
2031 1532 2139 1577 Cujus
2164 1532 2303 1580 generis

230 1593 320 1625 sunt·
335 1600 467 1625 causae
492 1587 620 1636 quibus
645 1599 876 1635 quaecunque
901 1588 1059 1624 videmus
1093 1586 1190 1623 facta
1214 1592 1293 1623 sunt
1327 1592 1362 1623 et
1387 1588 1652 1635 unumquidque
1678 1588 1814 1636 regitur
1843 1592 1878 1623 et
1905 1592 2071 1624 mutatur.
2123 1588 2195 1623 Eas
2219 1600 2302 1623 cum

229 1646 276 1681 ad
291 1646 437 1680 deorum
453 1645 709 1680 multitudinem
724 1645 851 1679 Graeci
876 1647 1053 1685 referrent,
1079 1655 1213 1691 magna
1237 1645 1392 1680 varietas
1419 1648 1496 1680 orta
1522 1648 1574 1679 est
1598 1644 1721 1689 μύθων
1737 1645 1794 1680 vel
1811 1645 2019 1686 fabularum,
2045 1655 2136 1691 quae
2154 1645 2301 1690 apoetis

230 1703 357 1739 iterum
383 1707 493 1750 atque
518 1703 645 1738 iterum
672 1706 836 1737 narratae
863 1703 1035 1748 cujusque
1059 1701 1092 1736 in
1118 1714 1260 1738 succum
1287 1706 1322 1737 et
1346 1702 1553 1750 sanguinem
1578 1703 1811 1737 vertebantur.
1846 1701 1887 1736 In
1905 1702 2029 1748 quibus
2055 1712 2162 1748 quam
2189 1702 2300 1738 multa

228 1769 405 1805 quamque
428 1760 655 1794 vehementer
679 1759 891 1804 reprehensa
916 1758 999 1802 sint,
1029 1758 1248 1794 notissimum
1274 1762 1337 1793 est.
1387 1759 1524 1793 Tamen
1550 1759 1594 1793 ad
1622 1758 1843 1794 educandam
1869 1759 2089 1804 Graecorum
2114 1758 2298 1794 nationem

228 1817 379 1852 multum
393 1816 541 1851 eaedem
558 1816 787 1851 contulerunt.
813 1815 1128 1857 Quemadmodum
1144 1816 1292 1851 infantes
1310 1828 1371 1862 pei·
1389 1827 1517 1851 suaves
1542 1814 1684 1852 fabulas
1711 1816 1914 1862 disciplinae
1930 1816 2058 1851 sensim
2078 1820 2299 1859 assuescunt,

227 1874 277 1909 sic
302 1874 518 1909 Graecorum
544 1873 726 1921 ingenium
752 1874 877 1908 sabulis
903 1885 964 1919 per
990 1873 1196 1922 religionem
1223 1874 1307 1908 ortis
1336 1873 1437 1920 quasi
1462 1885 1499 1909 se
1525 1874 1637 1919 ipsum
1664 1873 1812 1909 edocuit.
1854 1872 2083 1920 Quamquam
2107 1873 2298 1909 Francisco

229 1931 372 1966 Bacono
406 1930 522 1965 nescio
557 1941 602 1965 an
636 1941 742 1965 nemo
777 1930 880 1966 hodie
914 1931 1144 1976 assentiatur,
1183 1930 1315 1976 μύθους
1347 1932 1391 1966 ab
1416 1931 1609 1967 hominibus
1642 1930 1857 1977 sapientibus
1892 1930 2053 1966 inventos
2085 1931 2219 1977 putanti
2252 1931 2299 1967 ad

230 1991 423 2033 praecepta
448 1987 627 2033 quaedam
651 1985 750 2034 vulgi
776 1988 948 2022 mentibus
972 1988 1191 2023 inculcanda.
1205 1988 1233 2034 3)
1260 1989 1392 2024 Eorum
1417 2000 1508 2035 quae
1534 1989 1659 2023 statuit
1683 1988 1848 2023 nonnulla
1873 1987 2016 2034 propius
2041 1988 2088 2022 ad
2109 1988 2298 2023 Euhemeri

227 2045 366 2080 somnia
391 2056 500 2091 quam
518 2044 563 2080 ad
588 2055 713 2081 verum
733 2044 915 2079 accedunt.
941 2044 1043 2080 Haec
1069 2049 1189 2081 autem
1217 2057 1285 2092 quo
1311 2050 1469 2091 tempore
1495 2046 1590 2092 apud
1616 2046 1710 2092 ipsos
1727 2045 1884 2081 Graecos
1908 2045 2180 2086 invalescebant,
2205 2048 2298 2080 certe
2327 2085 2332 2088 ,

226 2101 352 2149 religio
391 2101 549 2136 culturae
587 2101 783 2135 animorum
822 2112 889 2135 non
928 2101 1078 2136 multum
1116 2102 1254 2147 profuit.
1303 2102 1445 2137 Nonnisi
1470 2102 1653 2148 paululum
1691 2102 1862 2137 acuminis
1901 2102 2126 2149 requirebant
2151 2101 2297 2137 deorum

228 2156 390 2199 „formae
414 2158 449 2193 in
475 2169 568 2193 nova
592 2169 741 2204 corpora
775 2161 964 2198 rnutatae“,
1003 2157 1180 2193 hominum
1220 2159 1351 2194 scilicet
1375 2160 1590 2204 sapientium
1629 2164 1664 2195 et
1689 2161 1853 2199 sortium:
1892 2164 2012 2195 contra
2036 2160 2298 2196 adducebantur

229 2214 296 2250 hac
320 2215 481 2250 doctrina
507 2215 688 2257 homines,
713 2218 754 2249 ut
779 2214 1000 2261 philosophia
1025 2214 1179 2250 funditus
1206 2214 1401 2250 haurienda
1427 2214 1662 2258 abstinerent,
1694 2217 1846 2252 contenti
1871 2217 1900 2251 si
1924 2217 2092 2264 quidquid
2118 2215 2294 2253 difficilius

219 2271 406 2307 videretur
430 2273 623 2314 intellectu,
665 2273 871 2318 primoribus
905 2276 1057 2311 tantum,
1094 2277 1131 2306 ut
1165 2272 1304 2312 dicitur,
1342 2273 1449 2308 labris
1475 2278 1688 2321 gustassent.
1738 2274 1806 2309 Sed
1832 2275 1934 2320 quia,
1972 2279 2012 2309 ut
2037 2275 2086 2310 ait
2110 2273 2296 2320 Cicero‚⁴)

226 2328 293 2364 hac
318 2328 475 2365 doctrina
500 2333 576 2365 tota
601 2327 723 2378 religio
750 2329 889 2376 penitus
914 2328 1053 2375 tollitur,
1079 2329 1180 2375 plura
1205 2328 1248 2364 de
1274 2341 1319 2365 ea
1345 2329 1458 2365 dicere
1484 2342 1573 2376 opus
1599 2343 1667 2367 non
1694 2335 1755 2367 est.
1781 2330 1967 2374 Quaenam
1989 2343 2076 2368 vero
2095 2331 2294 2368 fabularum

225 2386 357 2421 utilitas
383 2385 507 2429 fuerit,
533 2391 641 2423 restat
666 2391 704 2422 ut
729 2387 921 2422 ostendam.

397 2443 546 2479 Constat
569 2444 658 2479 inter
682 2444 899 2479 recentiores
925 2444 1056 2479 Jovem
1097 2443 1195 2478 initio
1221 2443 1357 2479 eoelum
1391 2443 1617 2492 significasse.
1667 2444 1760 2479 Mox
1793 2448 1914 2480 tamen
1940 2445 2067 2480 Graeci
2101 2450 2294 2492 coeperunt

225 2510 295 2533 non
320 2499 437 2544 ipsum
462 2495 613 2542 coelum,
639 2501 703 2535 sed
729 2501 1027 2546 prosopopoeiam
1046 2500 1224 2547 quandam
1250 2500 1304 2535 vel
1329 2500 1487 2546 spiritum
1507 2500 1658 2535 solutum
1684 2501 1743 2547 qui
1766 2501 1850 2536 illud
1868 2502 2091 2548 gubernaret,
2116 2503 2291 2538 venerari.

223 2553 285 2591 Ita
308 2555 492 2592 discebant
516 2568 593 2592 rem
617 2557 731 2603 ipsam
756 2557 801 2592 ab
825 2556 983 2605 imagine
1008 2557 1064 2592 vel
1090 2556 1234 2592 notione
1259 2567 1352 2604 quae
1378 2561 1495 2592 mente
1521 2557 1732 2604 concipitur,
1762 2556 1990 2605 distinguere.
2040 2558 2203 2601 Hermes
2226 2558 2293 2595 nisi

223 2615 356 2648 temere
383 2613 529 2660 quidam
546 2612 717 2650 Indorum
730 2613 964 2660 Sarameyam
989 2615 1255 2661 comparavere,
1280 2614 1383 2650 simul
1408 2615 1524 2650 custos
1550 2615 1704 2656 nubium,
1732 2626 1826 2662 quae
1850 2619 1933 2651 sunt
1948 2626 2083 2652 vaccae
2108 2615 2291 2659 coelestes,

224 2673 259 2706 et
283 2682 435 2720 gregum
460 2671 535 2708 dux
559 2671 670 2708 fuisse
694 2672 852 2714 videtur
889 2675 929 2708 ut
953 2672 997 2708 de
1022 2671 1099 2708 aliis
1123 2669 1327 2707 muneribus
1351 2675 1501 2707 taceam.
1551 2670 1611 2708 Ita
1635 2684 1737 2708 mens
1764 2675 1928 2715 conatur,
1967 2683 2059 2720 quae
2083 2672 2119 2709 iu
2143 2673 2292 2713 diversis

221 2726 349 2765 similia
373 2728 450 2770 sint,
476 2730 627 2774 reperire
653 2733 689 2765 et
713 2729 912 2775 complecti.
937 2726 1118 2765 Interdum
1139 2732 1270 2770 contra,
1295 2740 1377 2764 cum
1402 2729 1516 2765 eidem
1534 2730 1584 2765 rei
1609 2733 1755 2775 possent
1779 2729 1971 2775 compluria
1987 2729 2106 2772 tribui,
2131 2732 2293 2769 recerunt
