2485 3003
1249 125 1276 172 2

223 245 445 293 monti
467 252 549 289 loco
573 261 687 301 agger
711 252 885 299 lapidem.
927 253 974 289 ad
997 263 1110 301 quen
1132 252 1214 289 latis
1238 253 1409 302 gradibus
1435 250 1715 295 ascendebatur,
1738 256 1778 285 ut
1802 251 1908 286 aede·
1932 261 2039 286 sacra
2062 250 2107 286 ab
2133 250 2295 286 omnibus

223 309 378 358 promis
392 312 567 356 separas
591 313 708 351 esset,
731 309 943 357 ipnmnque,
967 310 1002 345 in
1027 318 1101 358 quo
1125 313 1250 356 staret,
1273 310 1388 345 solum
1412 308 1594 344 communi
1619 306 1802 343 sublimius
1827 306 2011 342 videretur.
2060 307 2292 343 Simulacrum

203 367 337 405 oemio
352 364 551 413 parietibus
567 365 822 415 circumdatum
847 369 925 402 erat
941 369 980 401 et
1003 376 1027 402 a
1049 367 1186 412 profani
1209 366 1309 415 vulgi
1333 365 1442 402 oculis
1465 368 1621 408 tectum;
1645 364 1760 400 solum
1785 374 1810 399 a
1833 367 1933 409 parte
1949 363 2099 405 orientis,
2122 364 2181 399 ubi
2196 363 2293 410 apud

223 433 327 461 arm
350 422 399 470 pii
421 420 578 458 autores
604 425 760 467 starent,
801 422 897 458 cerni
920 427 1071 469 poterat.
1102 424 1220 459 Cella
1243 423 1459 467 extrinsecus
1484 421 1743 468 simplicissima
1767 421 1860 455 intus
1896 425 2031 455 tantum
2057 425 2182 456 ornata
2205 425 2292 461 erat,

222 491 306 517 eum
329 479 387 515 dei
401 483 504 527 esset,
529 487 598 514 non
614 477 754 525 populi3
779 479 927 525 κρόκος
950 484 1073 515 eontra
1089 483 1240 525 apertus,
1266 480 1327 526 qui
1345 480 1512 525 populum
1530 479 1693 514 invitaret
1717 483 1755 512 et
1768 487 1886 524 usque
1912 477 1957 511 ad
1973 478 2067 511 sores
2084 477 2292 516 admitteret,

222 546 298 572 non*
316 535 426 572 mode
451 534 696 577 columinibus,
720 535 786 571 sed
810 536 918 571 etiam
942 535 1122 582 sculptura
1137 540 1281 570 ornatus
1307 540 1392 577 erat,
1418 536 1578 582 itemque
1601 538 1767 580 πτέρωμα
1791 540 1829 569 et
1844 534 2039 581 fastigium,
2064 535 2162 578 quus
2178 535 2293 569 forma

223 593 370 630 elatiore
389 592 529 639 templa
561 603 585 628 a
608 591 821 638 privatarum
854 592 1025 628 domuum
1056 592 1159 628 tectis
1193 592 1408 628 differebant.
1435 613 1478 620 -
1521 593 1612 628 Ecce
1646 603 1781 639 magna
1813 591 1931 637 parvis
1957 592 2105 626 effecta:
2147 591 2291 636 simplex

223 653 430 696 apparatus,
468 653 633 694 aspectus
657 649 802 696 grandis
839 654 876 684 et
900 649 1119 696 magnificus,
1168 648 1258 683 Usus
1296 648 1466 684 linearum
1503 652 1539 684 et
1575 649 1621 684 ad
1657 647 1945 695 perpendiculum
1983 651 2019 681 et
2056 646 2103 681 ad
2141 647 2292 682 libellam

223 706 435 744 directurum
452 705 625 742 latissime
642 710 747 752 patet.
773 706 902 742 Omnia
926 704 1324 752 sacile‘perspiciuntum
1349 707 1482 751 optime
1507 711 1624 752 partes
1640 707 1730 742 inter
1750 718 1788 741 se
1805 711 2004 753 congruunt
2020 710 2056 739 et
2071 704 2291 749 respondent.

222 762 370 797 Robusti
393 761 565 808 quiddam
592 765 628 796 et
649 761 755 796 validi
779 762 859 797 huic
883 762 1005 808 generi
1029 762 1128 796 inest„
1161 759 1252 796 Nihil
1274 762 1370 806 vani,
1394 763 1660 807 supervacanei,
1684 762 1828 798 frivoli:
1853 762 1982 809 gravia
2007 765 2145 806 cuncta,
2170 760 2291 801 solida,

223 823 367 862 sancta;
405 830 530 854 serena
553 823 689 860 tamen,
716 818 843 859 hilara,
867 818 1071 865 tranquilla.
1120 817 1224 859 Quae
1250 818 1339 853 haec
1363 820 1478 853 effecit
1501 821 1623 866 religio
1649 820 1783 864 optime
1809 830 1896 853 sane
1924 819 1969 853 de
1995 819 2103 863 pulcri
2126 829 2230 852 sensu
2255 823 2292 852 et

223 875 423 923 cognitione
440 875 576 910 merita
600 881 661 909 est.

935 969 976 1001 2.
1020 968 1099 1000 De
1130 970 1257 1000 arte
1289 968 1572 1009 fingendi.

393 1044 516 1078 Prima
539 1048 640 1077 aetas
663 1042 728 1077 fuit
752 1053 826 1089 qua
849 1043 897 1077 dii
912 1044 972 1077 vix
996 1053 1019 1076 a
1044 1046 1194 1077 naturae
1211 1043 1340 1076 viribus
1364 1047 1400 1076 et
1425 1043 1585 1086 potentiis
1607 1040 1906 1083 discernebantur,
1931 1043 2043 1076 altera
2070 1053 2143 1088 qua
2169 1044 2288 1089 generi

221 1100 376 1135 humano
393 1099 527 1134 similes
541 1098 661 1134 baberi
672 1098 789 1144 coepti
806 1103 911 1134 sunt:
937 1109 1086 1143 quarum
1101 1098 1241 1143 utrique
1261 1108 1327 1133 sua
1339 1098 1428 1133 ratio
1450 1096 1515 1133 fuit
1528 1097 1673 1132 deorum
1694 1098 1865 1146 imagines
1879 1098 2042 1146 fingendi.
2069 1097 2173 1134 Initio
2195 1100 2288 1134 enim

222 1156 350 1191 Graeci
374 1156 485 1202 signis
511 1156 663 1190 contenti
682 1160 781 1189 erant
806 1166 901 1204 quae
926 1167 994 1190 non
1014 1160 1090 1190 tam
1115 1158 1253 1189 formae
1278 1153 1506 1189 similitudine
1525 1165 1637 1199 quam
1661 1155 1914 1199 significatione
1932 1156 1988 1189 dei
2013 1164 2290 1190 commonerent.

220 1210 326 1247 Talia
350 1213 488 1247 suerunt
512 1211 660 1252 δόκανα,
698 1210 766 1245 duo
792 1214 912 1256 postes
944 1210 1100 1245 trabibus
1132 1210 1340 1246 transversis
1371 1208 1498 1254 Juncti,
1539 1210 1600 1256 qui
1628 1209 1915 1245 Lacedaemoniis
1950 1222 2011 1256 pro
2039 1211 2288 1246 Dioscurorum

220 1272 344 1314 utpote
368 1280 493 1304 amore
518 1270 670 1303 fraterno
689 1269 953 1312 conjunctorum
977 1267 1132 1315 imagine
1157 1266 1319 1311 erant.³²)
1344 1267 1471 1316 Neque
1495 1267 1600 1308 ξόανα
1626 1267 1645 1301 i.
1660 1279 1690 1301 e.
1708 1271 1854 1302 statuae
1881 1269 1974 1314 ligno
1992 1269 2149 1312 scalptae
2174 1270 2289 1315 magis

221 1334 332 1372 quam
358 1324 493 1371 lapides
529 1333 780 1371 nonnusquam
806 1324 899 1358 obvii
923 1326 1048 1358 Veram
1082 1323 1228 1359 deorum
1263 1323 1419 1370 speciem
1452 1323 1600 1360 reddere
1633 1323 1878 1365 credebantur,
1917 1324 1977 1359 sed
2004 1325 2107 1372 quasi
2133 1326 2289 1370 symbola

219 1381 273 1428 (ut
298 1383 364 1417 hoc
387 1383 493 1417 verbo
518 1380 616 1427 utar)
641 1393 764 1416 eorum
789 1382 1000 1416 memoriam
1026 1382 1091 1425 piis
1118 1381 1315 1415 hominibus
1340 1381 1535 1415 tradebant.
1565 1382 1762 1426 Postquam
1783 1378 1907 1416 Graeci
1934 1383 2080 1416 deorum
2099 1382 2289 1417 simulacra

219 1438 264 1473 ad
290 1438 451 1484 speciem·
484 1438 673 1473 humanam
700 1437 975 1473 accommodare
1012 1437 1091 1472 ausi
1116 1442 1211 1479 sunt,
1249 1436 1344 1472 initio
1378 1436 1510 1473 licitum
1549 1448 1618 1472 non
1652 1441 1851 1473 statuerunt
1888 1438 1997 1474 etiam
2022 1439 2158 1475 vultum
2185 1440 2288 1485 plano

220 1497 413 1531 humanum
439 1496 480 1529 iis
504 1496 666 1529 tribuere.
715 1495 817 1535 Quae
844 1496 952 1529 nimia
976 1494 1099 1541 religio
1126 1495 1301 1539 paulisper
1326 1495 1392 1529 arti
1417 1495 1551 1533 obfuit3
1579 1506 1659 1528 nam
1687 1495 1763 1528 duri
1788 1493 1928 1538 aliquid,
1953 1497 2065 1541 rigidi,
2091 1497 2286 1535 immobilis,

219 1552 328 1599 quale
345 1551 379 1586 in
398 1551 518 1597 priscis
537 1549 668 1593 ξοάνοις
683 1561 761 1586 csse
779 1550 924 1592 solebat,
949 1551 1106 1586 faciebus
1124 1550 1315 1597 primorum
1331 1551 1515 1598 signorum
1532 1550 1646 1597 lapide
1667 1551 1878 1597 sculptorum
1899 1553 2066 1588 mansisse
2084 1553 2286 1589 wolckerus

219 1610 331 1643 docet.
394 1609 445 1643 Ne
491 1610 680 1652 posteriore
718 1608 862 1652 quidem
899 1612 1023 1641 aetate.
1050 1618 1231 1642 sacrarum
1266 1609 1460 1654 imaginum
1500 1608 1696 1651 pulcritudo
1735 1620 1870 1651 semper
1910 1615 1978 1642 tam
2018 1613 2172 1653 perlecta
2210 1623 2286 1644 esse

217 1665 335 1710 potuit
359 1674 472 1712 quam
498 1675 621 1700 eorum
648 1664 826 1711 signorum
853 1674 947 1711 quae
972 1674 1041 1698 non
1068 1661 1262 1699 cultoribus
1288 1663 1361 1710 piis,
1387 1663 1448 1699 sed
1474 1664 1557 1699 artis
1574 1664 1792 1699 amatoribus
1820 1664 1996 1701 destinata
2022 1672 2127 1702 erant.
2157 1667 2285 1703 Bacchi

217 1722 251 1755 in
275 1725 399 1759 fronte,
425 1723 454 1755 si
478 1721 623 1756 Valerio
650 1720 827 1764 Flacco³³)
853 1721 1026 1754 eredimus
1052 1721 1094 1753 de
1119 1722 1252 1765 templo
1278 1722 1426 1755 Lemnio
1451 1721 1618 1765 loquenti,
1644 1732 1776 1755 cornua
1802 1723 1986 1756 tumebant.
2019 1723 2152 1761 Quodsi
2179 1724 2281 1756 nimis

217 1776 385 1812 audacter
422 1777 627 1827 Lessingius
640 1775 688 1826 ⁸⁴¹)
725 1775 900 1812 contendit
937 1776 1086 1812 eandem
1124 1776 1254 1813 Bacchi
1290 1776 1323 1812 in
1361 1775 1519 1812 omnibus
1556 1773 1698 1823 templis
1736 1774 1883 1814 formam
1923 1777 2046 1821 fuisse,
2089 1777 2122 1814 id
2161 1776 2282 1816 tamen

216 1835 467 1875 concedamus,
509 1837 661 1879 potuisse
686 1837 782 1869 illam
807 1847 915 1878 saepe
939 1834 1111 1869 adhiberi.
1160 1837 1260 1875 Quae
1286 1839 1426 1868 exstant
1452 1835 1581 1867 Bacchi
1606 1833 1802 1868 simulacra·
1828 1836 1947 1868 onmia
1971 1835 2137 1869 cornibus
2162 1847 2283 1870 carere

218 1887 400 1935 dicuntur;
427 1890 598 1926 incertum
624 1895 679 1927 est
697 1902 780 1927 num
799 1890 907 1927 ullum
924 1882 1047 1927 eorum
1064 1890 1098 1926 in
1114 1888 1247 1938 templo
1273 1889 1418 1926 steterit.
1444 1889 1579 1925 Eadem
1598 1889 1766 1939 religione
1784 1891 1869 1926 moti
1885 1879 2117 1927 Atlienienses
2133 1893 2282 1939 priscum

216 1949 403 1983 Minervae
426 1949 548 1990 ξόανον
571 1954 649 1983 tum
674 1953 924 1993 servaverunt,
963 1961 1046 1984 cum
1071 1948 1164 1984 illius
1190 1947 1267 1983 loco
1293 1952 1449 1985 statuam
1483 1950 1594 1983 multo
1621 1950 1914 1993 praestantiorem
1952 1961 2085 1994 ponere
2111 1956 2282 1995 poterant.

216 2006 264 2039 At
280 2004 369 2039 haec
393 2006 514 2040 omnia
530 2016 598 2040 non
618 2004 824 2040 obstiterunt
838 2004 995 2046 Phidiae,
1021 2004 1108 2053 quin
1125 2006 1223 2041 velut
1246 2004 1339 2052 apud
1353 2005 1551 2041 Homerum
1577 2005 1736 2041 homines
1758 2006 1901 2042 formosi
1926 2006 2183 2055 interrogantur
2200 2020 2281 2044 num

217 2061 263 2099 dii
288 2063 368 2108 sint,
392 2063 441 2098 sic
465 2063 550 2098 deos
576 2063 758 2098 hominum
781 2064 899 2097 forma
924 2074 1152 2109 summopere
1170 2063 1378 2099 admiranda
1402 2064 1572 2099 indueret.
1598 2063 1731 2105 Quibus
1749 2065 1854 2112 igitur
1877 2065 1920 2100 de
1937 2066 2051 2100 causis
2066 2066 2280 2101 Graecorum

215 2120 338 2165 religio
364 2124 438 2155 tam
475 2118 677 2165 praeclaras
703 2119 849 2153 deorum
887 2120 1018 2153 formas
1043 2120 1220 2166 genuerit.
1258 2125 1297 2154 ut
1322 2120 1515 2155 humanam
1551 2122 1704 2158 formam
1744 2128 1778 2155 et
1814 2126 1978 2156 naturam
2012 2124 2116 2167 quasi
2155 2134 2281 2168 corpus

215 2176 337 2211 fecerit
359 2177 525 2217 numinis,
564 2177 706 2223 quaerit
731 2175 956 2212 Welckerus.
989 2186 1113 2210 eorum
1138 2176 1237 2210 dictis
1263 2187 1331 2210 non
1355 2180 1541 2210 contentus
1602 2177 1664 2222 qui
1690 2176 1733 2211 de
1758 2184 1834 2212 arte
1860 2178 1952 2222 apud
1980 2179 2138 2213 Graecos
2165 2182 2280 2226 magis

216 2242 328 2279 quam
353 2233 434 2268 alibi
459 2234 595 2269 usitata
619 2233 716 2280 loqui
741 2232 827 2268 satis
855 2232 1015 2268 habeant.
1064 2231 1224 2267 Ostendit
1248 2232 1328 2268 huic
1352 2230 1515 2280 religioni
1536 2204 1710 2281 magnam
1742 2234 1817 2269 vim
1841 2234 1952 2270 fuisse
1978 2235 2023 2270 ad
2056 2236 2281 2284 corrigendos

215 2301 351 2334 mores,
388 2291 520 2336 quippe
557 2301 654 2336 quae
693 2291 930 2325 conscientiae
966 2301 1094 2324 vocem
1134 2290 1297 2334 Erinyum
1322 2289 1437 2323 forma
1474 2300 1620 2334 aspera,
1657 2295 1734 2325 tum
1766 2291 1926 2325 Nemesis
1966 2294 2105 2327 numine
2144 2292 2280 2327 sublimi

214 2347 429 2395 expresserit.
480 2347 628 2383 Factum
652 2346 761 2394 igitur
786 2358 863 2382 esse
896 2350 933 2382 et
957 2346 1024 2381 hoc
1056 2357 1178 2382 amore
1203 2345 1354 2387 honesti,
1391 2350 1428 2381 et
1461 2357 1504 2381 eo
1530 2347 1638 2391 pulcri
1672 2347 1805 2389 studio,
1844 2358 1916 2394 quo
1942 2348 2084 2384 adducti
2109 2356 2278 2385 venustas

213 2404 364 2438 seminas
387 2414 472 2439 cum
496 2404 631 2457 deabus
657 2414 864 2449 comparare
889 2407 1137 2444 consuessent,
1175 2407 1211 2437 ut
1236 2403 1363 2437 Graeci
1398 2403 1480 2437 deos
1506 2395 1700 2439 hominibus
1733 2404 1865 2440 similes
1892 2406 2072 2454 fingerent.
2124 2407 2280 2442 Artifices

213 2467 395 2496 senserunt
419 2461 483 2496 diis
497 2461 644 2497 Homeri
668 2472 816 2506 corpora
840 2473 909 2496 non
932 2464 1072 2496 tantum
1098 2461 1262 2502 humana,
1287 2461 1351 2495 sed
1377 2472 1421 2495 ea
1436 2461 1619 2496 tribuenda
1644 2472 1732 2504 esse,
1759 2472 1857 2507 quae
1874 2463 1954 2506 ipsa
1979 2462 2094 2497 forma
2119 2463 2276 2498 divinum

211 2514 296 2551 illud
321 2521 357 2551 et
381 2518 543 2560 sublime,
568 2518 665 2565 quod
690 2522 836 2553 naturae
861 2520 1000 2552 nostrae
1023 2517 1133 2559 inest,
1159 2516 1395 2553 ostenderent.
1407 2516 1458 2564 ³⁵)
1497 2517 1622 2563 Neque
1648 2528 1692 2552 ea
1716 2518 1841 2566 religio
1866 2527 1962 2564 quae
1987 2518 2092 2553 deum
2118 2520 2276 2564 spiritum

213 2585 296 2609 esse
319 2575 440 2610 statuit
463 2576 618 2620 corporis
644 2575 810 2610 limitibus
834 2575 1000 2615 liberum,
1027 2586 1103 2613 ‚nec
1135 2585 1202 2609 eae
1234 2574 1360 2619 quibus
1391 2575 1438 2609 dii
1470 2575 1572 2609 certis
1598 2574 1840 2621 distinctisque
1866 2576 1986 2610 formis
2018 2586 2087 2609 non
2123 2576 2278 2611 circum-

212 2630 414 2674 ssi-imm,
439 2643 506 2668 nec
526 2633 648 2677 quibus
663 2632 755 2668 infra
770 2632 929 2667 homines
944 2632 1169 2674 collocantur,
1186 2631 1360 2680 imagines
1377 2632 1522 2668 deorum
1541 2632 1703 2669 exhibere
1720 2637 1908 2678 potueruut
1922 2633 2047 2678 quales
2059 2632 2277 2669 Graecomm

211 2688 334 2737 religio
371 2689 488 2724 edidit.
537 2691 706 2726 Ceterum
743 2690 892 2725 Homeri
926 2689 1176 2735 descriptiones
1199 2689 1363 2725 Phidiam
1399 2695 1558 2725 secutum
1595 2700 1676 2725 esse
1713 2694 1861 2725 constat,
1912 2689 2077 2725 Formam
2103 2690 2134 2725 'a
2166 2695 2276 2735 poeta

212 2742 457 2795 excogitatam
487 2749 646 2795 smlptor
673 2740 750 2785 tam
784 2752 950 2785 accurate
979 2746 1172 2794 expressit,
1210 2751 1253 2784 ut
1277 2748 1447 2784 Aemilius
1472 2747 1622 2784 Paullus
1650 2747 1835 2793 Olympiae
1864 2748 1995 2782 Jovem
2026 2747 2145 2792 ipsum
2176 2748 2279 2787 velut
