2485 3003
1247 85 1279 132 θ

228 211 371 254 Quodsi
396 221 519 246 verum
545 213 601 245 est
616 209 777 246 notitiam
800 220 1021 258 sensusque
1030 211 1145 256 pulcri
1167 224 1247 248 esse
1270 211 1421 247 hominis
1435 209 1590 246 liberalis
1617 209 1781 255 beneq-e
1807 208 1956 250 edueati,
1982 212 2078 244 recte
2091 208 2299 244 Aristoteles

229 264 540 312 &Apollinem
561 265 660 302 vitae
683 265 840 303 cultioris
862 269 1047 305 sudore-
1078 278 1143 315 per
1164 267 1336 305 musicam
1362 265 1483 304 fiisse.
1497 263 1545 313 ⁵⁶)
1594 264 1714 301 Etiam
1738 263 2070 300 Panum-aeonum
2103 264 2160 300 die
2184 264 2299 311 ptine

174 369 178 371 ¹
216 327 412 360 onumen
433 322 721 359 ciffinoedmm
758 323 996 360 et'tifficinum
1030 324 1067 359 in
1104 324 1195 360 odeo
1233 337 1258 361 a
1280 324 1418 361 Pericle
1454 326 1638 359 exau-uoto
1672 319 1883 358 habebatur.
1930 319 1989 356 In
2010 321 2301 367 symphoniarum

227 379 387 431 Q»
419 378 650 415 mitatiomm
672 378 800 426 utique
831 379 963 415 nostris
987 378 1223 426 temporibus.
1251 381 1382 417 Graeci
1414 392 1439 417 a
1462 379 1635 428 reiigione
1667 377 1848 414 duxenmt.
1877 396 1922 403 -
1972 377 2146 424 Antiquos
2170 378 2298 414 modos

228 436 375 483 Delphin
407 436 558 472 usitatos
582 436 787 482 Terpander
808 437 919 472 notis
946 437 1095 473 <musicis
1127 438 1304 480 exaravit,
1341 449 1453 474 novos
1484 438 1559 484 ipse
1592 436 1685 472 fecit.
1743 436 1965 482 Plerumque
1995 438 2115 470 notus
2153 446 2297 471 numeru

228 494 329 531 vade
352 498 391 531 et
414 505 476 541 pro
498 494 610 531 animi
635 494 819 530 affectibus
845 494 981 530 diverso
1003 494 1286 544 ingrediebatur;
1319 495 1381 531 sed
1405 500 1504 531 erant
1529 505 1680 542 quoque
1705 492 1804 529 modi
1827 503 1985 540 quorum
2009 492 2164 540 quisque
2192 504 2297 529 sonus

230 552 364 598 puriter
389 551 652 598 produceretur,
675 554 716 586 ut
740 561 831 587 nunc
854 551 890 587 in
912 551 955 587 iis
979 553 1021 587 fit
1044 561 1136 599 quos
1151 551 1311 588 chorales
1334 563 1529 590 vocamus:
1555 552 1653 599 quod
1670 561 1800 600 genus,
1823 549 1919 596 apud
1934 547 2120 585 libationes
2144 550 2298 586 maxime

223 609 420 654 ‘sollemuffi
461 608 542 644 inde
566 608 712 655 spondei
736 618 865 643 nomen
888 608 1033 654 accepit.
1081 608 1223 654 Majore
1246 613 1329 645 ‘arte
1353 610 1522 645 Thaletas
1553 609 1588 643 in
1620 608 1764 643 musica
1787 617 1891 642 sacra
1914 617 2003 642 usus
2029 610 2091 641 est.
2141 606 2298 654 Uterque

202 702 209 713 ,
230 677 314 702 eum
337 666 412 712 lyra
436 665 645 712 citharaque
670 665 891 711 potissimum
923 676 1013 702 usus
1038 670 1148 708 esset,
1189 667 1320 702 factum
1346 670 1398 702 est
1428 670 1469 702 ut
1492 677 1632 712 semper
1657 676 1782 701 earum
1806 675 1915 701 sonus
1948 664 2070 710 pietati
2094 663 2296 709 aptissimus

230 722 461 768 maximeque
486 721 533 756 ad
558 719 840 767 perturbationes
865 722 976 757 auirui
1001 721 1179 757 sedandas
1203 722 1350 758 idoneus
1376 723 1518 758 Graecis
1542 722 1727 758 videretur.
1769 721 1880 757 Tibiis
1906 724 2048 761 contra,
2074 730 2297 767 quamquam

230 778 338 814 cultui
362 785 399 814 et
422 778 521 824 ipsae
546 778 767 820 serviebant,
799 778 944 825 inquieti
967 778 1119 825 aliquid,
1153 779 1357 825 impetuosi,
1404 780 1552 815 excitati
1583 779 1696 815 inesse
1728 779 1956 819 credebatur,
1994 788 2104 824 quam
2143 778 2187 812 ob
2222 788 2298 813 rem

227 835 449 883 Pythagoras
476 846 497 870 e
531 835 611 870 ludo
635 846 702 870 suo
741 835 937 870 removisse
961 845 1024 870 eas
1055 833 1177 870 fertur.
1226 836 1272 870 At
1302 834 1395 870 forte
1420 836 1573 871 eundem
1597 836 1753 876 tradunt,
1791 846 1870 870 cum
1901 840 2008 870 noctu
2038 834 2297 870 adolescentem

227 891 443 927 vinolentum
468 891 618 927 vidisset
638 891 684 927 ad
709 889 865 928 clausam
888 891 1028 927 amicae
1048 892 1195 936 januam
1219 893 1404 934 furentem,
1428 892 1557 928 tibicini
1583 892 1642 939 qui
1666 903 1751 927 eum
1776 892 2008 927 comitaretur
2031 891 2234 936 imperasse,
2258 894 2299 926 ut

226 948 389 984 carminis
413 949 560 995 spondei
586 949 731 985 modum
757 953 913 991 caneret,
951 960 1022 996 quo
1046 948 1145 984 illum
1177 948 1224 983 ad
1248 959 1370 984 sanam
1397 954 1550 985 mentem
1574 947 1829 994 reduceret.⁵¹)
1879 948 1934 984 De
1960 947 2076 984 modis
2101 948 2298 983 carminum

227 1004 494 1053 Apollinem-um
518 1006 607 1042 haec
631 1006 756 1043 inveni.
771 1004 818 1054 ⁵²)
846 1004 943 1042 Inter
965 1016 1101 1055 genera
1124 1005 1221 1041 vocis
1244 1005 1377 1042 nullum
1401 1006 1443 1043 ad
1468 1018 1509 1043 ea
1533 1007 1649 1053 aptius
1672 1006 1862 1043 videbatur
1885 1017 1994 1054 quam
2017 1005 2186 1041 Doricum
2209 1003 2297 1041 illud

223 1073 358 1110 grave,
393 1065 513 1105 virile,
549 1064 838 1111 grandiloquum,
875 1067 1048 1099 sanctum.
1096 1063 1291 1098 Praeterea
1314 1075 1396 1099 cum
1429 1064 1496 1098 tria
1521 1064 1709 1098 modorum
1740 1075 1873 1111 genera
1914 1063 2052 1110 (τρόποι
2088 1062 2295 1109 μελοποιίας)

224 1125 360 1163 essent,
392 1132 502 1156 unum
529 1132 600 1167 quo
625 1121 861 1167 tranquillitas
885 1120 994 1155 animi
1019 1122 1235 1162 efficeretur,
1272 1120 1424 1156 alterum
1449 1132 1517 1167 quo
1543 1120 1652 1156 animi
1676 1121 1827 1166 impetus
1852 1121 2105 1162 excitarentur,
2145 1120 2293 1156 tertium

225 1189 296 1224 quo
336 1181 529 1226 augeretur
565 1177 752 1218 fortitudo,
801 1171 952 1222 primum
990 1178 1119 1223 paeaui
1130 1176 1180 1224 ⁵³)
1223 1177 1384 1212 maxime
1425 1177 1610 1212 convenire
1654 1183 1793 1212 veteres
1839 1179 2025 1223 putabant,
2073 1178 2178 1212 tertio
2226 1188 2296 1212 non

223 1234 366 1269 omuino
398 1235 541 1279 rejecto.
566 1253 568 1255 -
603 1234 693 1268 Nam
736 1244 895 1280 pugnam
935 1244 1078 1280 quoque
1117 1234 1375 1269 committentes
1408 1234 1537 1269 Graeci
1569 1245 1704 1279 paeana
1743 1235 1932 1275 canebant,
1969 1234 2072 1269 simul
2109 1238 2295 1269 resonante

222 1290 374 1335 primum
399 1290 549 1327 cithara.
573 1297 649 1325 tum
675 1289 769 1334 apud
794 1289 1098 1325 Lacedaemonios
1124 1289 1249 1336 (Thuc.
1274 1289 1320 1331 V,
1346 1289 1407 1336 70)
1433 1294 1470 1325 et
1495 1291 1682 1325 Cretenses
1705 1290 1810 1332 tibia,
1835 1291 1931 1336 apud
1955 1294 2094 1325 ceteros
2122 1291 2215 1324 tuba..
2266 1290 2296 1324 A

223 1347 414 1393 paeanibus
449 1347 704 1395 distinguuntur
736 1344 973 1392 ὑπορχήματα.
1020 1347 1184 1383 Paeaues
1220 1348 1319 1383 ebori
1353 1352 1427 1383 tum
1465 1350 1616 1392 stantes,
1653 1351 1729 1382 tum
1753 1346 1976 1395 gradientes,
2012 1351 2087 1382 tum
2125 1347 2297 1383 saltantes

221 1403 405 1442 canebant,
432 1404 466 1437 in
492 1402 708 1449 ὑπορχήμασι
724 1408 871 1438 canente
896 1403 1005 1438 choro
1034 1415 1123 1438 unus
1149 1405 1289 1450 praesul
1306 1404 1512 1450 pantomimi
1536 1415 1649 1451 genus
1668 1404 1849 1450 quoddam
1873 1404 2012 1451 agebat.
2037 1404 2139 1438 Haec
2155 1414 2295 1449 quoque

224 1457 376 1505 Apollini
400 1461 625 1496 vovebantur
648 1460 832 1501 interdum,
857 1460 972 1495 rarius
998 1465 1128 1496 tamen.
1161 1461 1296 1496 Paeaui
1321 1461 1389 1497 duo
1416 1460 1613 1496 saltationis
1638 1472 1771 1508 genera
1795 1464 1879 1506 apta
1904 1464 2024 1506 eraut,
2051 1458 2295 1507 γυμνοπαιδική

223 1527 315 1562 quae
341 1527 364 1552 a
389 1517 489 1552 nudis
513 1517 647 1562 pueris.
691 1520 727 1551 et
752 1517 894 1562 πνῤῥίχη
919 1526 1018 1564 quae
1051 1528 1073 1552 a
1096 1517 1181 1553 viris
1206 1518 1351 1553 armatis
1384 1516 1573 1565 agebatur.
1622 1518 1747 1552 Paean
1770 1516 1838 1552 fuit
1861 1518 1896 1552 in
1922 1527 1996 1564 quo
2031 1518 2192 1552 canendo
2217 1520 2295 1562 post

221 1572 407 1608 victoriam
421 1573 652 1608 Salaminiam
678 1571 868 1618 Sophocles
892 1573 1101 1608 adolescens
1126 1574 1271 1610 chorum
1296 1574 1412 1617 duxit;
1438 1574 1531 1620 quod
1557 1585 1682 1609 munus
1707 1574 1833 1624 choros
1859 1574 2008 1609 ducendi
2031 1578 2103 1609 tam
2129 1573 2293 1620 frequens

223 1632 320 1673 erat,
353 1632 393 1664 ut
418 1640 460 1664 ex
486 1629 594 1664 officii
619 1630 759 1665 nomine
784 1629 992 1675 Στησιχόρος
1016 1631 1196 1676 proprium
1220 1629 1354 1666 factum
1378 1631 1434 1665 sit.
1484 1630 1644 1671 Quantus
1677 1630 1788 1665 honor
1818 1630 1853 1664 in
1878 1630 2099 1665 Graecorum
2123 1630 2291 1677 religione

168 1685 171 1687 ’
222 1683 403 1720 saltationi
427 1684 548 1727 fuerit,
579 1697 621 1720 eo
647 1690 807 1732 apparet,
834 1686 929 1732 quod
953 1687 989 1721 iu
1011 1687 1165 1722 carmine
1191 1687 1235 1722 de
1260 1687 1427 1722 Titanum
1453 1697 1573 1734 pugna
1596 1687 1732 1732 Jupiter
1756 1687 1830 1731 ipse
1854 1687 1986 1721 saltans
2010 1687 2171 1734 fingitur,
2208 1687 2291 1722 alibi

221 1740 378 1783 Gratiae,
404 1741 536 1783 Horae,
563 1742 697 1788 Apollo,
723 1742 849 1787 Diana,
874 1743 979 1786 Mars,
1003 1743 1209 1786 Mercurius,
1238 1744 1315 1779 Pan
1341 1743 1510 1790 denique
1549 1747 1584 1779 et
1610 1743 1664 1778 hic
1690 1743 1836 1790 quidem
1863 1746 2004 1789 propter
2027 1743 2176 1779 choreas
2201 1754 2290 1790 quas

222 1801 380 1843 pastores
404 1799 601 1845 antiquitus
626 1811 690 1835 suo
717 1801 846 1836 ducere
873 1800 939 1835 deo
971 1801 1142 1836 solebant.

955 1858 1000 1888 4.
1041 1857 1118 1888 Be
1147 1857 1275 1888 arte
1305 1855 1554 1895 poetica.

394 1923 429 1949 a.
455 1912 502 1952 ne
529 1913 629 1960 poesi
654 1913 785 1961 lynea,
828 1915 1035 1962 praesertim
1060 1925 1175 1952 sacra.
1224 1915 1278 1952 De
1307 1915 1393 1952 artis
1425 1916 1584 1962 poeticae
1617 1915 1751 1964 origine
1776 1914 1946 1951 Roethius
1978 1916 2031 1951 ita
2063 1915 2222 1962 disputat
2255 1919 2294 1963 ut

221 1975 335 2007 totam
361 1984 382 2007 e
407 1973 577 2021 religione
594 1974 709 2009 ducat.
734 1974 815 2009 Lini
831 1976 927 2010 enim
952 1978 989 2010 et
1002 1975 1134 2021 Orphei
1158 1974 1316 2010 carmina
1335 1973 1587 2021 antiquissima
1611 1984 1688 2008 esse
1706 1977 1808 2019 putat
1831 1984 1923 2018 quae
1947 1973 1983 2008 in
2006 1973 2128 2009 litteris
2142 1974 2288 2009 Graecis

222 2033 418 2065 occurrant.
466 2030 520 2065 Ab
544 2030 608 2066 illis
632 2031 858 2077 potissimum
883 2031 971 2066 deos
995 2031 1127 2067 inferos
1154 2042 1234 2066 esse
1268 2031 1426 2079 placatos
1460 2034 1495 2067 et
1527 2031 1740 2067 carminibus
1774 2031 1967 2067 celebratos
2000 2035 2110 2078 atque
2146 2031 2291 2067 oracula

221 2087 358 2131 scripta,
384 2098 478 2132 quae
491 2088 548 2122 ille
562 2088 807 2123 Hebraeorum
820 2089 991 2122 vaticiniis
1015 2089 1110 2123 haud
1124 2087 1309 2123 dissimilia
1332 2090 1440 2123 fuisse
1452 2089 1662 2133 suspicatur.
1687 2090 1882 2123 Manifesto
1902 2089 2008 2135 igitur
2020 2088 2117 2133 apud
2131 2089 2288 2124 Graecos

221 2139 396 2178 wlturam
415 2146 452 2178 et
476 2143 611 2180 litteras
629 2155 672 2180 ex
688 2142 857 2192 religione
875 2146 971 2180 ortas
987 2151 1077 2179 esse.
1102 2143 1279 2191 Equidem
1297 2154 1366 2179 non
1383 2153 1446 2190 pro
1464 2143 1566 2179 certis
1582 2144 1779 2190 acceperim
1797 2154 1894 2191 quae
1914 2144 1972 2179 ille
1988 2143 2125 2179 nonnisi
2150 2146 2291 2190 propter

217 2199 454 2245 ignorantiam
480 2211 503 2235 a
527 2202 683 2246 plurimis
706 2202 740 2235 in
766 2202 910 2236 dubium
935 2201 1093 2235 revocari
1116 2211 1187 2235 non
1210 2198 1323 2235 semel
1347 2201 1480 2235 fortiter
1505 2201 1692 2244 praedicat.
1705 2199 1753 2246 ⁵⁴)
1798 2199 1848 2235 Iis
1874 2201 1966 2235 enirn
2002 2211 2098 2246 quae
2122 2201 2167 2235 de
2192 2201 2288 2235 anti-

221 2254 401 2302 quissimis
421 2257 537 2303 poetis
561 2257 744 2294 traduntur
759 2257 892 2294 multas
908 2254 1054 2294 fabulas
1071 2256 1250 2293 admixtas
1275 2267 1352 2292 esse
1368 2256 1553 2303 scriptores
1578 2260 1698 2293 aetate
1722 2257 1904 2293 inferiores
1921 2261 1992 2294 tam
2017 2257 2082 2293 sibi
2099 2267 2288 2303 persuase-

219 2316 316 2357 rant,
341 2317 380 2348 ut
404 2314 608 2350 Aristoteles
632 2315 813 2361 Orpheum
837 2316 947 2350 fuisse
972 2315 1114 2350 omnino
1140 2319 1296 2363 negaret.
1346 2315 1534 2350 Exstitisse
1557 2316 1665 2362 igitur
1688 2315 1847 2350 carmina
1870 2315 1972 2357 Lino,
2005 2313 2162 2360 Orpheo,
2187 2314 2289 2350 Oleui

219 2370 390 2416 ascripta,
404 2392 409 2397 ·
437 2371 672 2418 compluribus
708 2372 860 2408 saeculis
898 2376 980 2408 ante
1017 2371 1215 2409 Homerum
1253 2371 1445 2419 composita
1470 2371 1647 2407 Diodorus
1682 2376 1807 2408 auctor
1844 2375 1906 2408 est.
1955 2371 2010 2408 Ea
2046 2371 2105 2408 alii
2141 2371 2287 2418 posteris

219 2430 437 2473 temporibus
473 2431 533 2475 pia
567 2429 691 2466 fraude
728 2432 811 2465 ficta
848 2430 1118 2476 nominibusque
1153 2429 1220 2465 illis
1254 2428 1509 2466 venerabilibus
1548 2434 1723 2466 exornata
1757 2434 1924 2472 censent3
1973 2441 2045 2475 quo
2083 2426 2286 2465 referendus

219 2483 361 2521 videtur
384 2484 556 2523 Herodoti
581 2487 678 2524 locus
703 2484 752 2530 II,
777 2485 833 2530 53
857 2486 891 2523 3.
922 2486 1027 2523 Certe
1051 2487 1126 2523 veri
1149 2486 1263 2524 simile
1287 2490 1345 2523 est
1369 2486 1462 2523 nulla
1487 2486 1645 2523 carmina
1667 2486 1870 2536 antiquiora
1893 2486 2001 2522 tuisse
2026 2496 2133 2533 quam
2160 2485 2286 2534 quibus

219 2542 267 2577 dii
290 2541 560 2579 celebrarentur.
590 2545 645 2580 De
669 2546 712 2579 iis
736 2546 794 2580 vel
816 2545 898 2580 ideo
922 2545 1076 2590 primum
1100 2545 1186 2580 mihi
1207 2545 1391 2608 agendum
1416 2537 1471 2580 est'
1496 2545 1593 2591 quod
1617 2555 1700 2579 cum
1723 2543 1896 2592 religione
1921 2544 2074 2579 maxime
2099 2545 2285 2588 conjuncta

144 2600 147 2602 “
218 2602 308 2636 suut.
354 2598 575 2650 Pythagoras
597 2600 706 2651 igitur
730 2612 836 2640 sacra
858 2600 999 2639 metica
1019 2612 1128 2640 mane
1164 2604 1201 2639 et
1224 2599 1363 2649 vesperi
1384 2601 1519 2639 mutari
1538 2600 1654 2649 jussit.
1666 2598 1714 2650 ⁶⁵)
1763 2600 1965 2638 Garmimim
1990 2600 2025 2637 in
2047 2599 2144 2637 cultu
2168 2599 2284 2638 Attico

218 2655 460 2693 adhibitorum
485 2663 639 2705 quatuor
662 2669 796 2707 genera
806 2660 914 2694 Plato
932 2658 1062 2708 (Legg.
1074 2658 1147 2702 m,
1160 2670 1192 2705 p.
1206 2658 1327 2706 7001»)
1342 2662 1534 2701 enumerat,
1560 2657 1661 2705 εὐχά,-
1683 2659 1762 2695 sive
1784 2657 1918 2703 ὕμνους,
1942 2656 2102 2703 θρήνους,
2126 2658 2283 2702 παιᾶνας,

219 2712 465 2760 wisc.
490 2714 549 2751 Ει
570 2716 696 2762 quibus
719 2715 960 2761 dithyrambis·
984 2716 1125 2768 Bsooho
1149 2727 1253 2752 sacer
1274 2719 1376 2759 eran
1400 2721 1455 2752 est
1478 2716 1572 2752 onim
1597 2716 1664 2752 hoo
1686 2716 1894 2752 vocabulum
1918 2714 2049 2750 Bacchi
2072 2724 2284 2762 cognomen,

2031 2774 2051 2807 2
