2485 3003
181 293 404 333 praesentem
430 290 552 325 videre
577 291 650 325 aibi‘
666 291 766 326 visus
797 291 852 325 sit.
900 292 1008 335 Oujns
1032 292 1126 337 signi
1158 292 1353 337 pulcritudo
1385 293 1563 338 adJeoisae
1594 292 1728 339 aliquid
1760 293 1874 328 etiam
1906 298 2087 339 receptae-
2101 292 2265 342 religioni

179 343 395 387 Quintiliano
419 344 585 392 videtur,
604 346 702 382 >adeo
728 347 901 392 maiestas
927 346 1044 392 operis
1067 346 1176 383 deum
1199 349 1387 396 aequavit„
1437 348 1820 396 conterendum,
1841 352 1897 386 --ut
1920 348 2264 387 hmini-mn

179 401 350 437 decorem
371 402 546 439 addiderit
569 415 677 449 supra
702 414 834 443 verum
859 404 910 438 ita
935 401 1004 438 non
1030 405 1182 449 explevit
1205 405 1354 441 deorum
1379 406 1629 442 auctoritatem
1651 404 1712 442 illo
1738 406 1887 453 quidem
1906 406 2041 451 iudice.
2047 405 2100 453 ⁸⁸)
2115 406 2263 444 Tamen

179 457 393 494 Welckerus
427 460 503 505 eJ‘us
527 460 702 496 Junonem
737 459 883 507 dignam
913 464 1035 496 censet
1069 470 1166 508 quae
1198 472 1281 497 cum
1305 461 1457 499 Phidiae
1487 462 1619 498 statuis
1649 466 1897 510 compar-etun
1933 463 2174 520 praeclaram-
2181 474 2263 500 ease

178 515 301 563 effigie
337 517 431 562 apud
461 515 727 552 Overbeckiu'm
738 515 790 563 ⁸²)
820 521 993 552 exstante
1025 518 1154 554 doctus
1187 530 1298 561 sum·
1324 520 1385 555 ubi
1418 519 1525 555 etiam
1560 523 1698 566 quauta
1731 520 1837 556 laude
1865 519 2041 555 Goethiua
2051 504 2141 556 hoe
2171 531 2262 567 opus

179 571 353 615 extulerit,
378 575 536 610 refertur.
563 574 661 609 Fecit
684 580 803 610 auten·
820 574 964 610 Phidias
991 576 1118 621 partim
1145 580 1281 613 statuas
1306 577 1484 613 colosseas
1510 577 1617 612 ebore
1641 586 1808 625 auroque
1831 576 2000 619 inductas,
2025 587 2125 625 quae
2145 589 2262 625 paene

176 631 392 677 templorum
418 629 636 666 altitudinem
660 631 864 667 interiorem
891 637 1111 679 aequarent,
1145 634 1272 678 partim
1298 643 1517 669 marmoreas
1542 633 1697 669 minores
1722 634 1784 670 sed
1811 634 2015 670 humanam-
2029 638 2201 671 stamma
2224 640 2263 672 et

177 687 274 733 ipsas
298 692 521 734 superantes.
560 689 688 735 quales
715 690 856 724 suerunt
880 689 914 724 in
940 689 1085 737 fastigio
1110 689 1363 732 Parthenonis,
1406 691 1592 726 Minervae
1616 695 1731 726 ortum
1757 696 1794 727 et
1814 692 2000 728 victoriam
2027 691 2071 726 de
2095 691 2260 738 Neptuno

178 749 401 790 reportatam
439 750 521 780 ante
546 746 667 780 oculos
705 750 886 791 ponentes.
935 747 1071 781 Omnes
1098 758 1183 782 vero
1221 747 1373 783 deorum
1406 752 1560 792 statuas,
1597 752 1634 782 et
1666 749 1775 784 cultui
1801 749 1994 785 destinatas
2026 753 2061 785 et
2092 749 2261 797 reliquas.

176 801 340 849 religioni
366 800 489 836 deberi
516 802 739 847 perspicuum
765 806 831 837 est.
845 800 893 849 ⁸⁸)
932 802 1049 838 Venio
1074 804 1120 838 ad
1146 803 1367 849 ἀναθήματα,
1407 804 1590 852 Religione
1614 804 1745 840 Graeci
1768 805 2034 841 adducebantur
2058 809 2097 841 ut
2120 810 2261 851 praeter

176 859 350 893 sacrificia
375 863 411 893 et
437 856 508 893 alia
533 859 657 906 magni
683 859 784 904 pretii
810 859 921 901 dona,
946 861 1034 895 inter
1059 870 1158 907 quae
1184 862 1335 897 artificia
1359 866 1481 905 erant,
1506 864 1682 897 offerrent.
1720 862 1965 898 Usitatissima
1988 864 2088 899 suere
2111 862 2260 899 deorum

176 920 337 950 statuae:
377 915 571 950 Pausanias
598 916 630 949 in
657 915 892 961 descriptione
918 915 1101 961 Olympiae
1136 915 1243 952 solius
1269 919 1371 953 Jovis
1406 923 1537 954 statuas
1571 929 1634 963 per
1659 916 1714 953 IV
1740 919 1852 963 capita
1885 924 2079 957 enumerat.
2091 918 2139 965 ῃ)
2188 919 2260 955 Sed

176 971 359 1006 hominum
386 981 534 1018 quoque
558 972 740 1020 imagines,
766 976 805 1007 ut
831 984 1020 1018 puerorum
1047 974 1151 1021 aquis
1180 974 1384 1010 haustorum
1403 973 1447 1016 V,
1472 973 1542 1020 25,
1568 975 1812 1019 offerebantur,
1836 979 1913 1010 tum
1939 985 2117 1023 equorum
2141 976 2259 1018 etiam,

175 1041 203 1063 c.
228 1028 295 1072 27,
323 1029 422 1063 bovis
449 1028 489 1069 Χ,
516 1028 552 1068 9,
584 1030 666 1064 hirci
697 1031 761 1072 ¹13
788 1033 965 1075 praeterea
993 1031 1104 1076 tripus
1132 1032 1283 1077 serpenti
1308 1033 1462 1067 innixus.
1488 1031 1647 1074 Quorum
1673 1032 1834 1079 quidque
1860 1044 2009 1078 operum
2036 1043 2143 1080 quam
2170 1034 2258 1069 bene

174 1087 302 1122 sac-mm
329 1085 434 1121 fuerit
452 1098 521 1122 non
547 1087 630 1123 satis
647 1092 779 1123 constat
795 1099 802 1130 ς
828 1089 973 1123 credere
988 1089 1066 1124 licet
1081 1089 1146 1124 diis
1163 1090 1297 1124 nonnisi
1311 1090 1443 1136 optima
1456 1094 1655 1126 consecrata
1669 1101 1760 1125 esse.
1786 1088 1840 1126 lta
1853 1089 1946 1136 apud
1959 1090 2112 1128 Graecos
2125 1091 2257 1140 religio,

173 1144 207 1179 id
226 1145 324 1191 quod
348 1145 433 1180 alias
459 1155 564 1192 reges
586 1145 732 1191 quidam
757 1144 962 1193 nobilesque
985 1157 1244 1190 nonnumquam
1268 1149 1442 1186 fecerunt,
1469 1147 1585 1181 multis
1606 1148 1793 1183 artificibus
1816 1148 2035 1183 occasionem
2062 1148 2156 1183 dedit
2176 1149 2258 1184 artis

173 1202 400 1238 exercendae.
413 1201 461 1247 ⁴⁰)

997 1251 1037 1281 3.
1082 1251 1158 1282 De
1189 1251 1425 1287 musica.

347 1319 483 1353 Musica
508 1324 569 1354 aut
603 1330 685 1353 cuni
722 1320 818 1362 poesi
854 1320 956 1363 lyrica
982 1321 1166 1363 conjuncta
1200 1326 1272 1355 erat
1297 1325 1358 1355 aut
1392 1320 1563 1355 saltationi
1593 1320 1809 1355 inserviebat.
1861 1320 1912 1354 Ex
1938 1320 2085 1354 deorum
2108 1320 2257 1355 cultibus

172 1374 359 1420 praecipue
385 1375 443 1415 iis,
482 1375 544 1421 qui
571 1375 749 1410 Bacchum
774 1379 809 1409 et
835 1375 985 1419 Cybelen
1020 1373 1258 1411 celebrabant,
1298 1377 1429 1412 musica
1454 1387 1544 1421 opus
1571 1380 1659 1417 erat,
1697 1386 1791 1422 quae
1824 1380 2017 1421 strepentes
2050 1386 2256 1423 magnarum

170 1432 349 1467 turbarum
374 1432 576 1467 saltationes
616 1432 856 1467 moderaretur
889 1436 924 1466 et
957 1431 1125 1468 fanaticae
1159 1433 1390 1469 caerimoniae
1416 1433 1621 1480 dignitatem
1654 1432 1861 1477 afferret.⁴¹)
1909 1431 1987 1474 Qua
2011 1434 2144 1469 ratione
2169 1433 2255 1479 quin

169 1499 224 1524 ars
260 1488 336 1533 ipsa
376 1488 489 1536 magis
527 1488 718 1534 magisque
753 1494 974 1523 exerceretur
1007 1494 1042 1523 et
1076 1489 1271 1524 erudiretur
1303 1490 1378 1524 fieri
1403 1500 1473 1524 non
1499 1490 1619 1534 potuit.
1670 1488 1798 1536 ltaque
1831 1489 2001 1537 religione
2027 1489 2178 1537 Phrygia
2202 1500 2256 1525 ars

171 1546 252 1582 tibia
276 1545 422 1581 canendi
448 1550 522 1581 orta
548 1551 615 1589 est,
642 1556 749 1591 quam
768 1546 956 1590 aMarsya,
985 1546 1136 1592 Hyagni,
1161 1547 1313 1591 Olympo
1332 1548 1506 1582 inventam
1528 1545 1662 1582 fabulae
1676 1545 1875 1593 incertique
1891 1557 2051 1580 rumores
2069 1546 2255 1582 tradebant.

172 1602 224 1637 De
251 1602 398 1649 singulis
419 1603 493 1647 jam
518 1602 757 1637 instrumentis
783 1601 957 1648 quaedam
983 1601 1137 1637 dicturus
1163 1607 1262 1638 taceo
1288 1603 1332 1637 de
1355 1603 1458 1637 sistro
1477 1600 1580 1637 Isidis
1605 1602 1723 1649 deque
1738 1602 1919 1650 Phrygum
1945 1602 2064 1647 ῥόμβῳ
2089 1602 2157 1637 etsi
2173 1602 2256 1638 satis

171 1659 294 1704 puerili
309 1659 429 1694 Rheae
454 1663 576 1692 tumen
593 1657 800 1703 accepto.⁴²)
827 1657 981 1703 Cybelae
999 1660 1126 1694 crotala
1152 1664 1187 1694 et
1211 1664 1371 1704 tympana
1397 1670 1492 1694 sacra
1512 1658 1622 1693 fuisse
1646 1659 1775 1703 hymno
1791 1659 1896 1693 Hom.
1912 1657 2027 1699 xvll,
2052 1658 2075 1694 3
2091 1659 2255 1693 traditum

169 1719 234 1750 est.
286 1715 449 1759 Cymbala
475 1719 600 1755 aenea,
644 1726 798 1761 quorum
832 1715 977 1749 tinnitus
1012 1726 1116 1760 saepe
1150 1716 1243 1760 apud
1275 1720 1398 1760 poetas
1424 1715 1603 1750 Romanos
1637 1716 1807 1756 occurrit,
1849 1720 1884 1750 et
1907 1716 1984 1760 ipsa
2016 1726 2035 1751 a
2061 1715 2256 1762 Phrygibus

169 1773 309 1808 inventa
336 1777 371 1807 et
396 1773 431 1807 in
456 1773 576 1808 Rheae
603 1773 707 1808 saeris
733 1778 896 1817 usurpata
921 1777 1071 1812 constat,
1099 1772 1191 1806 unde
1217 1772 1250 1805 in
1277 1773 1418 1806 Cretam
1443 1771 1611 1806 translata
1637 1782 1715 1805 esse
1741 1771 1911 1805 dicuntur.
1936 1768 1978 1805 In
1994 1771 2121 1806 Bacchi
2146 1771 2253 1806 sacris

166 1829 433 1872 adhibebantur,
458 1841 506 1865 ex
531 1830 644 1865 Musis
671 1829 774 1865 Erato
801 1833 979 1875 patronam
1007 1829 1183 1865 habebant.
1209 1827 1362 1874 Σύριγγα
1388 1837 1538 1875 quoque
1563 1839 1623 1873 pro
1638 1827 1752 1864 Panos
1778 1827 1919 1863 invento
1931 1826 1980 1874 ⁴⁸)
2006 1827 2164 1873 habitam,
2189 1827 2254 1874 qui

168 1887 257 1922 inter
282 1887 431 1932 Cybeles
458 1887 607 1922 comites
634 1885 915 1932 numeratur,⁴⁴)
940 1887 968 1920 si
1002 1898 1071 1921 non
1096 1886 1271 1934 Phrygiae
1305 1885 1464 1932 origini8‚
1502 1889 1537 1920 at
1571 1885 1604 1919 in
1639 1885 1743 1920 sacris
1767 1885 1928 1933 Phrygiis
1959 1885 2144 1921 adhibitam
2169 1895 2254 1919 esse

167 1949 319 1988 apparet.
348 1964 391 1968 —
441 1944 540 1984 Quae
574 1944 617 1977 de
650 1944 731 1978 tibia
766 1955 784 1978 a
810 1944 970 1978 Minerva
1003 1943 1143 1977 inventa
1168 1944 1381 1986 etxabJectn,
1418 1954 1437 1977 a
1462 1942 1603 1986 Marsya
1636 1941 1764 1976 infelici
1796 1947 1929 1987 arrepta
1954 1943 2186 1983 tradebantur,
2212 1953 2252 1977 ea

167 1999 312 2036 facetias
341 2000 535 2035 Atticorum
569 2011 691 2046 sapere
722 1997 966 2036 Volkmannus
1000 2010 1082 2035 cum
1117 1998 1193 2035 aliis
1227 1998 1322 2033 vidit.
1372 1998 1539 2047 Plerique
1572 1998 1793 2047 peregrinam
1827 2002 2056 2045 putaverunt:
2102 2001 2198 2034 certe
2232 2010 2253 2034 e

168 2058 322 2105 Phrygia
347 2068 430 2092 cum
445 2057 564 2093 Rheae
589 2058 696 2093 sacris
721 2058 755 2091 in
772 2058 912 2093 Cretam
939 2058 1051 2092 delata
1078 2061 1145 2097 est,
1172 2067 1252 2092 mox
1280 2068 1360 2093 cum
1374 2057 1500 2093 Bacchi
1524 2057 1630 2092 sacris
1648 2068 1710 2102 per
1734 2061 1843 2092 totam
1857 2057 2039 2092 Graeciam
2057 2060 2252 2105 propagata,

168 2120 293 2161 postea
320 2115 427 2151 etiam
453 2114 487 2150 in
516 2111 683 2160 Apollinis
710 2113 844 2149 cultum
868 2117 1021 2159 recepta.
1068 2112 1302 2149 Athenienses
1328 2113 1370 2150 ad
1396 2112 1567 2149 festorum
1592 2113 1772 2149 sollemnia
1784 2112 1970 2149 Thebanos
1994 2113 2166 2159 tibicines,
2190 2113 2253 2161 qui

168 2172 292 2215 optimi
319 2171 550 2210 habebantur
575 2171 803 2206 arcessebant
817 2169 865 2214 ⁴⁶)
891 2171 1012 2205 'lubae
1039 2180 1204 2216 quoque
1232 2172 1295 2204 etsi
1322 2182 1384 2215 pro
1410 2171 1469 2205 vili
1496 2172 1725 2204 instrumento
1753 2171 1948 2209 habebatur,
1974 2171 2008 2204 in
2034 2171 2123 2205 ludis
2148 2171 2252 2206 sacris

168 2239 272 2263 usum
298 2228 405 2263 fuisse
439 2227 481 2264 ad
515 2226 659 2264 classica
692 2226 823 2262 scilicet
847 2226 1017 2291 caraenda,
1061 2225 1244 2273 Sophoclis
1272 2226 1375 2263 docet
1399 2226 1500 2263 locus
1527 2224 1578 2262 El.
1606 2225 1699 2269 711;
1736 2231 1772 2262 et
1795 2226 1931 2262 videtur
1961 2230 2033 2263 arte
2057 2226 2251 2263 tubicinum

166 2285 349 2330 Olympiae
375 2285 554 2332 singulare
575 2271 754 2330 quoddam
780 2284 975 2318 certaminis
1001 2294 1112 2331 genus
1137 2285 1365 2319 constitutum
1391 2296 1479 2319 esse.
1491 2283 1540 2329 η)

341 2342 470 2388 lyram
496 2345 532 2378 et
548 2341 714 2379 citharam
740 2340 831 2378 haud
850 2340 999 2377 multum
1026 2341 1116 2376 inter
1138 2352 1177 2375 se
1203 2340 1355 2377 diversas
1369 2340 1496 2377 Graeci
1521 2352 1540 2377 a
1565 2340 1629 2376 diis
1655 2351 1696 2376 se
1713 2340 1889 2387 accepisse
1904 2340 2099 2376 credebant.
2125 2340 2251 2386 Lyram

166 2400 300 2445 primus
326 2399 520 2434 confecisse
546 2411 566 2433 e
590 2399 770 2433 testudine
795 2398 904 2433 fertur
929 2397 1206 2443 Mercurius,⁴⁷)
1239 2398 1406 2433 citharam
1431 2398 1488 2434 alii
1512 2399 1678 2434 volebant
1702 2399 1745 2434 ab
1769 2398 1932 2444 Apolline
1956 2398 2149 2438 inventam,
2194 2398 2252 2434 alii

164 2458 206 2496 ab
232 2457 359 2493 eodem
385 2456 578 2499 Mercurio,
621 2456 745 2504 illique
771 2455 863 2492 dono
897 2456 1022 2493 datam.
1074 2454 1270 2501 Apollinem
1304 2455 1543 2492 citharoedum
1576 2450 1612 2491 in
1636 2453 1788 2502 Olympo
1813 2455 1927 2492 Musis
1956 2455 2121 2502 stipatum
2153 2454 2252 2491 fluxit

166 2515 358 2555 Hesiodus,
382 2515 467 2548 item
485 2514 612 2549 cithara
629 2518 812 2549 canentem
826 2514 860 2547 in
875 2514 972 2547 Pelei
991 2513 1120 2557 nuptiis
1134 2513 1312 2547 Homerus
1328 2513 1363 2547 Ω
1375 2512 1433 2548 63.
1457 2513 1636 2559 Quidquid
1650 2514 1694 2547 de
1707 2502 1911 2548 inventiono'
1919 2514 2011 2557 lyrae
2027 2513 2251 2548 statuendum

164 2583 303 2615 censes,
328 2571 454 2608 nullius
472 2571 529 2608 dei
554 2582 649 2610 sacra
666 2570 743 2619 plus
768 2571 811 2609 ad
828 2574 940 2609 artem
959 2581 1042 2607 cum
1059 2569 1199 2616 lyricam
1216 2573 1289 2606 tum
1315 2570 1457 2608 tibinam
1474 2569 1750 2618 promovendam
1767 2569 1946 2607 contulere
1970 2579 2079 2618 quam
2093 2568 2251 2617 Delphici

164 2629 343 2676 Apollinis.
371 2628 481 2663 Ludis
506 2629 600 2663 enim
626 2629 791 2674 Pythicis,
818 2637 910 2676 quos
934 2628 1114 2663 institutos
1138 2628 1374 2663 sacerdotibus
1400 2629 1522 2663 honori
1546 2628 1733 2663 vertendos
1758 2638 1838 2662 cum
1853 2626 2046 2662 Welckero
2071 2626 2138 2670 (ΙΙ,
2163 2625 2250 2671 371)

164 2687 279 2729 credo.
294 2684 584 2734 adstrepentibus
601 2687 694 2722 tibiis
711 2698 852 2724 carmen
869 2686 1050 2723 ehericum
1068 2684 1258 2723 emebatur
1274 2685 1404 2723 fabulas
1417 2685 1614 2732 Apollineas
1630 2685 1820 2722 continens.
1844 2683 1960 2722 Iidem
1977 2683 2048 2721 ludi
2063 2682 2251 2721 certamina

165 2744 379 2780 exhibebant
403 2753 496 2792 quae
521 2744 685 2779 citharam
710 2755 794 2779 cum
818 2744 901 2780 tibia
925 2745 1200 2791 conjungerent.
1225 2743 1331 2789 quasi
1355 2743 1498 2778 foedere
1522 2743 1614 2778 inter
1627 2743 1827 2788 Apollinem
1852 2746 1888 2778 et
1912 2742 2088 2779 Bacchum
2113 2740 2250 2787 icto.⁴⁸)

157 2800 369 2837 Saltationes
386 2812 468 2837 cum
481 2802 613 2838 musica
631 2802 831 2845 conjunctas
846 2805 1025 2847 tamquam
1038 2800 1189 2846 Apollini
1210 2800 1425 2847 gratissimas
1440 2803 1718 2836 commemorant
1729 2793 1951 2836 Stesichorus
1964 2803 1999 2835 et
2012 2797 2249 2844 Pindarum
