2485 3003
180 287 265 322 dolo
289 297 335 322 ec
357 286 545 336 vissedegit
570 291 614 324 ut
635 288 703 323 sibi
727 289 848 325 tutum
870 289 1061 330 revelaret,
1086 289 1134 327 όῦ
1157 289 1266 327 ulixis
1288 291 1548 337 κωμικοῖς»
1571 290 1616 332 όῦ
1640 290 1754 333 Circe,
1775 290 1828 328 όο,
1839 292 2015 337 Ἀρόη»,
2021 292 2139 339 Aliud
2143 303 2266 341 genus

180 345 238 378 eet
259 343 558 380 caes-unoniamm
581 344 627 380 de
651 345 779 391 quibus
801 344 967 392 theologi
991 345 1054 391 qui
1077 345 1237 383 dicemin-
1251 347 1483 393 scripserunt.
1531 346 1725 393 Depo-(liti
1733 343 1819 383 sunt
1836 347 1923 392 libri,
1941 349 2077 392 sacri,-
2089 349 2265 397 unusqu

179 402 327 434 exstant.
347 398 471 435 Aliam
478 401 633 436 fortasse
646 401 853 446 praeberent
867 411 912 436 ae
924 411 1032 447 quam
1048 412 1143 439 nune
1151 401 1363 450 plerumque
1374 405 1541 442 fovemus
1552 403 1597 441 de
1611 403 1833 449 Graeci-um
1845 399 2265 457 mlumopiujonnffiffl

351 455 528 493 Institutis
552 458 684 504 quibus
703 457 777 494 vita
803 457 927 504 pulcra
951 462 989 494 et
1018 458 1149 496 deeora
1172 460 1339 502 redditur,
1362 461 1495 498 Graeci
1511 472 1636 498 omnes
1659 462 1735 503 tere
1758 464 1884 510 gentes
1901 466 2122 508 superarunt.
2144 459 2264 508 Quam

178 513 224 548 ad
249 525 338 555 rem,
364 514 431 549 etsi
454 514 583 550 eadem
607 515 759 550 nationis
782 514 908 556 indole,
934 526 1028 561 quae
1050 516 1261 565 religionem
1277 518 1410 566 genuit,
1435 519 1560 554 effecta
1585 521 1656 560 est,
1676 518 1759 567 ipsa
1782 518 1907 581 religio
1928 519 2082 556 multum
2104 520 2263 559 contulit.

177 569 242 604 De>
256 569 357 605 festis
384 571 532 606 deorum
555 571 685 618 cogito.
735 571 939 617 olympica.
964 570 1134 614 Isthmia,
1158 574 1296 620 reliqua
1321 584 1528 615 cursorum.
1554 574 1793 619 athletarum,
1812 574 2034 623 aurigarum,
2056 577 2263 624 δισκοβόλφα

176 628 374 662 certamina
398 626 628 662 occasionem
654 628 784 664 dabant
801 628 974 673 optimam
1000 640 1149 674 corpora
1165 630 1287 675 pulcra
1311 635 1501 677 motusque
1516 629 1648 666 robore
1673 634 1709 666 et
1727 631 1848 680 gratia
1873 634 2096 677 praestante·
2111 633 2262 674 videndi.

176 681 296 724 Quam
322 685 366 718 ob
399 695 474 718 rem
509 682 606 719 nulla
639 686 737 720 natio
772 685 1010 730 pulcritudinis
1036 687 1195 730 peritior
1232 684 1330 722 nulla
1350 687 1483 730 judicio
1516 687 1561 722 de
1594 699 1633 722 re
1666 689 1838 724 statuaria
1871 689 2008 724 acriore
2040 690 2261 736 rectioreque

175 749 335 786 unquam
361 740 428 774 suit
460 750 574 787 quam
599 740 742 776 Graeci.
794 741 943 777 Musicis
969 752 1112 788 quoque
1145 742 1392 779 certaminibus
1405 742 1453 791 ²⁸)
1478 744 1588 780 flebat
1621 749 1662 780 ut
1685 745 1806 792 populi
1837 756 1941 781 aures
1972 745 2071 782 bonis
2103 745 2262 792 cantibus

175 790 402 842 numerisque
436 804 684 833 assuescerent
717 803 754 832 et
785 799 844 843 qui
880 799 1050 843 probandi
1075 803 1215 840 essent.
1255 801 1317 845 qui
1341 802 1538 845 rejiciendi
1561 802 1765 838 discerent
1816 803 1923 848 Atqui
1955 803 2047 838 haoc
2070 803 2192 838 omnia.
2212 803 2260 839 ad

174 852 324 888 deorum
341 853 512 889 honorem
529 854 752 900 parabantur.
782 853 875 896 Quid
900 858 1021 890 autem
1045 855 1134 890 inter
1158 856 1394 892 caerimonias
1420 867 1552 904 pompa
1566 857 1834 894 Panathenaica
1850 858 2132 907 magnificentius
2157 859 2259 896 erat?

174 910 276 955 quid.
318 922 388 956 quo
414 913 531 958 magis
558 912 822 946 Atheniensium
848 913 956 946 animi
981 923 1105 947 amore
1131 912 1268 947 decoris
1295 918 1331 948 et
1356 916 1556 961 elegantiae
1583 926 1606 949 a
1630 914 1758 949 teneris
1784 913 1983 961 unguiculis
2007 916 2259 961 implerentur?

174 966 335 1002 Choreae
361 971 439 1002 tum
465 968 639 1015 virginum
664 972 741 1003 tum
767 979 955 1013 puerorum
983 974 1056 1004 tum
1074 968 1228 1004 virorum
1254 969 1377 1005 diebus
1404 969 1500 1006 festis
1526 971 1715 1018 praecipue
1729 970 1898 1016 Apollinis
1923 971 2086 1012 usitatae,
2113 971 2257 1008 omnino

173 1025 336 1059 diversae
362 1036 384 1060 a
411 1026 551 1060 furiosis
576 1025 824 1060 saltationibus
856 1037 962 1071 supra
988 1027 1192 1061 memoratis
1218 1027 1377 1061 similiter
1401 1039 1445 1062 ac
1478 1027 1550 1062 ludi
1573 1027 1727 1074 gymnici
1751 1028 1899 1063 decoros
1926 1040 2114 1074 corporum
2137 1034 2258 1065 motus

173 1082 379 1117 edocebant.
425 1082 534 1117 Festa
562 1082 739 1117 Bacchica
765 1083 931 1128 quamvis
957 1083 1087 1128 partim
1113 1085 1259 1132 niodum
1285 1084 1506 1129 σωφροσύνης
1539 1083 1766 1126 excederent,
1804 1084 1988 1120 hominum
2020 1085 2164 1133 ingenia
2188 1097 2257 1121 non

171 1142 334 1182 poterant
358 1149 427 1172 non
453 1149 591 1172 acuere.
641 1138 843 1173 Effecerunt
868 1139 962 1172 enim
987 1143 1027 1173 ut
1050 1140 1245 1175 animorum
1272 1142 1419 1175 affectus
1445 1140 1674 1174 vehementer
1698 1151 1741 1174 eo
1767 1141 1864 1175 cultu
1890 1141 2032 1176 excitati
2057 1142 2196 1187 pompis
2220 1146 2260 1177 et

170 1192 345 1241 gravibus
373 1198 407 1230 et
429 1195 581 1239 jocosis,
607 1195 733 1241 quibus
758 1196 916 1231 carmina
941 1196 1176 1237 addebantur,
1203 1196 1360 1242 quodam
1387 1196 1493 1232 modo
1520 1200 1604 1233 ante
1629 1197 1751 1250 oculos
1778 1202 1997 1243 ponerentur.

1004 1321 1066 1360 11.
1129 1321 1199 1361 De
1228 1322 1427 1362 artibus.
1494 1364 1501 1367 ,

343 1411 534 1455 Quomodo
561 1412 745 1449 universus
780 1413 931 1459 populus
968 1413 1137 1462 religione
1171 1414 1275 1460 quasi
1308 1414 1481 1450 educatus
1517 1413 1559 1450 sit
1585 1414 1805 1467 edoctusque
1839 1414 2008 1450 hactenus
2042 1417 2079 1449 ut
2112 1412 2254 1461 quidem

169 1471 443 1514 potuiostendi.
495 1470 656 1504 Transeo
683 1471 728 1504 ad
754 1472 912 1504 culturae
938 1472 1038 1516 quasi
1064 1472 1218 1505 culmina
1243 1472 1299 1505 vel
1325 1471 1484 1519 fastigia,
1512 1472 1641 1505 artium
1666 1476 1702 1505 et
1727 1470 1922 1505 litterarum
1947 1472 2076 1505 studia.

898 1575 934 1607 1.
977 1574 1053 1605 Be
1084 1575 1519 1606 architectura.

343 1654 575 1699 'l'emplorum
602 1665 787 1689 numerum
813 1651 939 1700 religio
966 1666 1035 1688 non
1062 1655 1176 1690 solum
1202 1654 1346 1689 deorum
1372 1654 1592 1689 multitudine
1616 1664 1789 1701 magnum
1814 1653 1950 1694 effecit,
1988 1653 2049 1688 sed
2075 1645 2121 1688 eo
2144 1653 2252 1689 etiam

168 1710 264 1755 quod
291 1711 424 1743 nullam
452 1710 574 1743 urbem
601 1710 666 1743 illis
694 1720 836 1754 prorsus
860 1720 981 1743 carere
1008 1711 1150 1750 licebat,
1189 1711 1429 1755 compluribus
1456 1720 1638 1756 quamque
1664 1710 1782 1744 ornari
1807 1710 1998 1744 honestum
2024 1713 2058 1743 et
2083 1709 2252 1744 decorum

167 1766 372 1802 habebatur.
425 1766 562 1801 Aedem
587 1766 717 1802 Graeci
744 1766 962 1802 domicilium
988 1767 1138 1802 numinis
1165 1779 1242 1803 esse
1269 1767 1478 1812 credebant,
1514 1779 1583 1802 non
1610 1778 1682 1814 quo
1708 1779 1848 1812 semper
1872 1767 1917 1802 ibi
1943 1766 2134 1807 habitaret,
2168 1778 2251 1802 nam

166 1822 380 1867 quid-fleret
405 1822 450 1855 de
477 1822 656 1866 Olympo?
699 1822 784 1867 quid
811 1823 855 1856 de
879 1826 934 1855 tot
969 1823 1126 1866 ejusdem
1152 1823 1208 1857 dei
1234 1824 1400 1868 templis?
1441 1824 1507 1857 sed
1532 1828 1571 1857 ut
1596 1834 1708 1868 saepe
1741 1827 1778 1856 et
1804 1823 1949 1857 libenter
1974 1834 2017 1856 eo
2042 1823 2180 1857 veniret
2204 1823 2251 1857 ad

166 1878 305 1925 piorum
331 1879 512 1915 hominurn
538 1892 662 1925 preces
690 1884 727 1915 et
752 1879 925 1915 sacrificia
950 1880 1165 1926 accipienda.
1214 1877 1275 1916 Ita
1299 1881 1618 1926 apud-Homerum
1642 1881 1778 1926 Jupiter
1803 1880 1849 1916 ad
1873 1884 2032 1916 remotos
2059 1880 2250 1926 Aethiopas

164 1947 203 1969 se
228 1938 367 1970 confert
388 1936 422 1969 A
444 1937 534 1977 423,
559 1936 647 1970 item
673 1937 855 1981 Neptunus
882 1949 904 1969 α
928 1936 985 1971 22.
1018 1937 1199 1970 Homerus
1220 1947 1419 1982 paucorum
1446 1937 1592 1971 deorum
1619 1935 1754 1982 templa
1779 1939 2042 1977 commemorat,
2065 1937 2256 1971 Minervae

164 1994 381 2029 Atheniense
415 1999 451 2029 et
474 1994 671 2039 Trojanum
698 1993 834 2035 8549,
872 1994 981 2038 ΖΒΘ,
1022 1995 1193 2040 Apollinis
1219 1995 1384 2040 Delphis,
1422 1995 1594 2040 Chrysae,
1632 1995 1760 2040 Trojae
1790 1999 1971 2030 exstructa
1996 1993 2112 2035 1405.
2150 1994 2248 2035 2980,

132 2045 135 2046 ⁷
163 2050 294 2091 13446,
330 2052 441 2089 1183,
476 2051 589 2092 A39,
622 2052 774 2096 Neptuni
801 2052 948 2086 Helicae
972 2050 1065 2085 urbe
1092 2051 1248 2096 Achajae
1276 2051 1403 2087 (9203.
1455 2050 1619 2086 Vovetur
1645 2051 1716 2086 Soli
1740 2052 1785 2085 ab
1811 2051 1923 2086 Ulixis
1949 2051 2052 2085 sociis
2077 2051 2247 2096 templum

162 2106 313 2144 Ithacae
340 2109 599 2145 aedificandum
626 2123 651 2154 μ
667 2108 756 2151 346,
795 2113 830 2144 et
855 2121 899 2144 ex
923 2109 1123 2144 narratione
1149 2107 1170 2150 ζ
1181 2109 1228 2146 10
1252 2114 1401 2156 apparet
1425 2108 1527 2144 simul
1553 2120 1633 2145 cum
1659 2108 1800 2145 urbibus
1824 2108 1960 2155 templa
1985 2110 2118 2144 exstrui
2141 2108 2251 2144 solita

162 2178 251 2201 esse.
278 2167 412 2201 Postea
430 2167 610 2213 quaedam
632 2165 766 2212 templa
793 2168 838 2202 ab
858 2165 1026 2201 heroibus
1052 2167 1195 2201 condita
1220 2178 1298 2202 esse
1316 2168 1454 2202 honoris
1479 2178 1590 2202 causa
1606 2166 1821 2201 dicebantur.
1846 2166 1901 2201 De
1918 2166 2246 2212 antiquissimorum

163 2225 298 2265 forma,
333 2224 481 2269 simplici
507 2224 648 2270 utique,
682 2224 764 2259 nihil
790 2221 938 2258 constat.
989 2223 1077 2258 Sunt
1103 2223 1165 2269 qui
1188 2221 1309 2271 lignea
1333 2224 1440 2259 fuisse
1466 2221 1722 2269 opinentur.²⁰)
1771 2222 1885 2259 Sexto
1911 2226 1992 2258 ante
2018 2223 2079 2257 Ch.
2104 2222 2246 2258 saeculo

161 2281 363 2327 complures
389 2282 556 2316 civitates
582 2291 727 2325 operam
755 2280 935 2321 dederunt,
961 2280 1011 2314 uti
1035 2280 1177 2325 templis
1204 2290 1315 2327 quam
1340 2280 1710 2329 magnificentissimis,
1735 2280 1825 2314 inter
1851 2289 1949 2327 quae
1974 2283 2076 2314 erant
2100 2279 2247 2314 Junonis

161 2338 343 2377 Samium,
382 2338 521 2373 Dianae
548 2338 762 2383 Ephesium,
799 2349 873 2372 una
906 2349 986 2372 cum
1025 2337 1090 2372 diis
1130 2349 1168 2372 se
1206 2337 1300 2382 ipsas
1333 2337 1558 2373 honorarent.
1608 2337 1707 2372 Bello
1742 2337 1884 2372 Persico
1918 2337 2065 2371 feliciter
2102 2341 2246 2382 peracto

160 2395 393 2430 Athenienses
414 2394 519 2439 huJus
539 2404 690 2440 quoque
708 2394 793 2428 artis
810 2394 967 2439 palmam
987 2395 1141 2429 tulerunt
1154 2393 1377 2429 Parthenone
1397 2394 1474 2429 miri
1491 2391 1685 2439 splendoris
1705 2404 1822 2439 opere.
1848 2393 2016 2428 Formam
2034 2391 2245 2439 templorum

160 2463 230 2486 non
256 2451 445 2486 defuerunt
471 2452 535 2497 qui
561 2462 609 2485 ex
634 2449 813 2497 religionis
830 2452 1045 2496 proprietate
1069 2455 1275 2495 repeterent.
1301 2452 1507 2492 Columnae,
1534 2450 1696 2497 inquiunt
1711 2450 1878 2491 nonnulli,
1907 2454 2009 2485 recta
2032 2450 2078 2484 ad
2103 2451 2245 2486 coelum

159 2508 373 2552 ascendunt,
411 2507 474 2544 sed
506 2507 619 2544 subito
654 2508 755 2543 trabe
790 2511 997 2543 transversa
1030 2507 1214 2546 finiuntur.
1251 2508 1347 2544 velut
1379 2508 1487 2545 animi
1523 2508 1569 2545 ad
1606 2508 1714 2544 deum
1738 2507 1846 2544 elatio
1883 2518 2004 2543 rerum
2030 2506 2244 2543 exteriorum

158 2566 352 2611 cupiditate
377 2565 483 2600 facile
518 2566 552 2599 in
578 2565 707 2610 populo
741 2565 925 2599 levissim0
952 2564 1197 2609 praecluditur.
1248 2566 1408 2601 Eandem
1432 2566 1553 2601 volunt
1577 2566 1612 2601 in
1637 2576 1724 2601 arcu
1748 2566 1911 2601 Romano
1936 2566 2015 2601 hinc
2040 2565 2244 2604 ascendere,

157 2623 241 2659 illuc
271 2623 398 2659 statim
432 2623 559 2665 relabi
601 2628 639 2658 at
663 2623 697 2658 in
726 2623 877 2659 Gothico
903 2622 1048 2658 tandem
1073 2622 1138 2669 qui
1163 2621 1288 2658 dicitur
1311 2626 1431 2669 utpote
1464 2634 1552 2659 vere
1577 2623 1778 2659 Christiano
1803 2623 1986 2669 utrimque
2010 2622 2057 2658 ad
2082 2621 2246 2669 regiones

157 2680 330 2715 coelestes
355 2680 488 2726 pariter
511 2691 668 2728 surgere.
694 2680 863 2727 Argutius
886 2680 935 2715 illi
960 2689 1072 2726 quam
1097 2679 1227 2720 verius,
1252 2679 1429 2726 siquidem
1445 2680 1633 2716 Christiani
1655 2680 1736 2725 ipso
1760 2679 1911 2715 rotundo
1936 2689 2021 2714 arcu
2045 2689 2108 2724 per
2131 2674 2246 2713 multa

157 2738 304 2773 saecula
328 2737 387 2773 usi
411 2735 553 2785 mutu)
579 2737 720 2773 Curtius
743 2741 910 2773 veterum
929 2739 1243 2772 monumentorum
1264 2737 1517 2774 scientissimus
1532 2739 1663 2773 fatetm
1687 2736 1830 2782 templa,
1848 2736 2018 2783 quamvis
2040 2734 2244 2771 necessaria

156 2794 204 2831 ad
229 2795 362 2831 cultum
386 2794 552 2836 deorum
596 2794 782 2843 quomodo
806 2796 960 2831 sormam
995 2805 1037 2830 ex
1072 2793 1245 2843 reiigione
1267 2794 1432 2832 duxerint
1463 2793 1605 2832 difficile
1639 2806 1718 2831 esse
1755 2794 1861 2830 diem
1873 2792 1922 2839 ⁸¹)
1971 2792 2242 2830 Substrushatur
