2485 3003
1254 96 1280 140 5

231 237 303 269 non
336 223 451 261 smel
486 222 572 258 vino
608 222 896 269 complebantur,
932 232 997 258 nec
1033 232 1104 258 non
1139 221 1259 258 vinum
1293 219 1386 267 quod
1421 218 1529 255 Andri
1566 217 1755 265 quotannis
1789 228 1810 252 e
1846 216 1974 252 Bacchi
2009 216 2143 262 templo
2179 221 2304 262 sponte

231 281 406 319 effluebat.
420 278 468 326 1θ)
515 279 620 315 Talia
644 290 733 328 ergo
757 279 929 315 miracula
960 289 1078 314 annua
1110 278 1186 314 sive
1218 277 1401 314 sollemnia
1433 280 1554 319 erant3
1596 274 1818 320 reperiuntur
1852 273 1948 319 apud
1984 273 2163 308 historicos
2188 274 2305 309 subita

231 338 377 387 quoque
404 339 443 374 et
464 336 659 384 singularia
690 339 877 383 portenta,
912 335 963 372 uti
991 335 1085 383 quod
1121 345 1265 385 pugnae
1296 338 1455 381 tempore
1480 332 1690 370 Leuctricae
1721 331 1755 367 in
1787 331 1928 377 templis
1959 330 2135 366 Thebanis
2166 329 2302 366 accidit

231 394 405 432 Addenda
428 398 511 430 sunt
534 405 627 440 quae
651 392 741 429 falso
766 405 848 429 cum
872 394 977 429 rebus
1002 393 1164 428 humanis
1188 394 1444 439 conjunguntur
1468 392 1502 425 in
1527 401 1646 426 rerum
1672 393 1812 433 natura,
1837 388 1920 423 solis
1946 393 1983 422 et
2007 388 2111 422 lunae
2136 388 2303 428 defectus,

230 450 389 501 fulg-nra,
414 450 518 488 arcus
544 450 729 493 coelestes,
764 451 883 488 avium
909 450 1059 498 denique
1083 450 1228 494 volatus,
1247 453 1283 486 et
1305 449 1530 486 victimarum
1556 447 1755 494 extispicia.
1806 446 1907 482 Haec
1938 444 2157 491 interpretari
2180 449 2301 481 vatum

232 512 311 545 erat
333 511 371 543 et
399 508 667 555 sortilegorum,
704 509 771 555 qui
802 502 1018 554 temporibus
1052 507 1200 543 heroicis
1230 518 1372 542 summo
1397 506 1528 542 honore
1563 509 1679 545 erant,
1718 508 1955 549 posteaquam
1989 502 2148 547 Delphici
2172 503 2305 537 oraculi

231 566 345 603 mevit
384 565 593 606 auctoritas,
645 565 779 601 nonnisi
819 569 945 602 tenues
983 565 1144 601 homines
1184 564 1348 611 privatim
1388 562 1563 609 sapientia
1610 573 1676 598 sua
1712 561 1898 607 juvabant.
1967 559 2054 595 Belli
2099 558 2222 599 duces,
2268 565 2305 594 ut

232 622 445 668 Xenophon,
483 622 690 657 divinationi
714 622 863 657 multum
895 623 1110 665 tribuerunt;
1147 626 1182 656 et
1215 622 1272 656 ille
1296 620 1440 667 quidem
1465 624 1610 665 sponte,
1647 619 1703 654 alii
1739 618 1878 663 imperii
1911 617 2036 665 gratia.
2086 616 2187 651 Nulla
2212 617 2303 650 enim

231 690 300 720 res,
324 682 364 714 ut
388 678 429 720 Q.
456 677 617 725 Curtiin)
649 679 762 713 verbis
793 683 892 720 utar,
929 678 1108 714 efficacius
1139 675 1395 712 multitudinem
1429 676 1521 723 regit
1554 686 1662 722 quam
1696 674 1923 720 superstitioz
1962 673 2092 718 alioqui
2121 673 2303 717 impotens,

232 745 355 776 saeva,
380 732 570 776 mutabilis,
597 735 654 771 ubi
678 745 775 771 vana
799 733 970 783 religione
995 738 1106 781 capta
1130 738 1195 775 est,
1220 733 1345 768 melius
1369 733 1507 768 vatibus
1532 743 1640 779 quam
1666 729 1818 766 ducibus
1843 731 1914 766 suis
1940 735 2053 775 paret.
2080 728 2304 764 Somniorum

232 804 280 828 ea
302 792 453 827 maximi
478 792 712 833 habebantur,
745 803 841 838 quae
865 793 900 827 in
926 789 1127 836 Aesculapii
1151 791 1290 835 templis
1315 794 1460 835 accepta
1486 793 1606 830 erant,
1644 789 1868 834 mendicique
1894 788 1938 822 ibi
1967 788 2209 826 morabantur,
2246 787 2304 832 qui

231 847 302 884 illis
322 847 589 894 interpretandis
614 851 802 895 quaestum
828 847 1013 884 faciebant.
1063 847 1286 895 Longissime
1311 846 1356 881 ab
1381 845 1530 881 hominis
1555 844 1706 880 liberalis
1732 845 1873 893 ingenio
1904 854 1948 879 ea
1975 842 2176 889 superstitio
2204 843 2306 878 abest

232 905 291 941 cui
313 907 553 950 δεισιδαιμονία
590 917 720 940 nomen
757 910 841 940 erat.
891 905 1025 940 Floruit
1064 908 1187 939 autem
1223 909 1301 939 tum
1338 904 1513 944 maxime,
1552 914 1631 937 cum
1667 903 1781 947 prisca
1805 902 1918 947 pietas
1954 913 2069 947 paene
2103 906 2304 935 evanuerat.

231 960 423 1010 Ignaviam
448 961 630 1009 quandam
654 963 767 997 fuisse
792 962 1057 1007 Theophrastus
1073 959 1118 1007 ¹⁸)
1144 964 1266 995 auctor
1290 964 1342 995 est
1375 960 1419 995 ad
1454 959 1539 994 deos
1565 959 1816 1004 pertinentem,
1863 958 1966 1005 quasi
2004 957 2136 992 inimici
2160 958 2305 1005 maligni

233 1022 354 1054 essent
366 1019 464 1053 mala
478 1019 746 1053 innumerabilia
758 1019 951 1061 minantes3
976 1029 1068 1064 quae
1082 1021 1122 1053 ut
1135 1017 1334 1058 vitarentur,
1347 1021 1534 1052 sexcentae
1547 1028 1602 1051 res
1616 1017 1744 1057 futiles,
1762 1016 1892 1056 inanes,
1910 1014 2102 1061 ineptae¹⁵)
2120 1015 2304 1049 faciendae

232 1072 456 1111 videbantur.
506 1074 700 1111 Maximam
725 1073 833 1110 fuisse
866 1074 957 1109 hanc
986 1074 1174 1109 stultitiam
1200 1076 1369 1119 apparet,
1407 1072 1571 1119 qnoniam
1598 1073 1651 1106 vel
1678 1072 1885 1107 Plutarchus
1911 1072 1986 1117 pius
2020 1071 2166 1107 deorum
2191 1071 2304 1106 cultor

232 1132 393 1172 atheum,
414 1132 521 1166 modo
548 1132 641 1179 frugi
666 1132 719 1172 sit,
744 1132 960 1175 δεισιδαίμονι
986 1123 1148 1176 praefert.
1162 1129 1214 1175 ²⁰)
1241 1130 1470 1177 Peregrinam
1497 1130 1603 1164 etiam
1632 1130 1721 1164 hanc
1746 1130 1860 1163 labem
1880 1130 1985 1163 fuisse
2012 1129 2157 1163 nomina
2179 1129 2305 1163 docent

233 1186 451 1233 Sabazii,¹¹)
475 1187 575 1222 Deae
601 1187 739 1232 Syriae,
765 1188 1075 1227 sabbatismorum,
1101 1186 1292 1221 ἀλλοκότων
1316 1184 1573 1232 προςκυνήσεων
1598 1196 1620 1219 a
1646 1185 1867 1230 scriptoribus
1893 1189 2101 1219 memorata.
2116 1184 2167 1232 ²²)

405 1242 540 1279 Vatum
566 1244 671 1292 igitur
704 1249 797 1279 artes
824 1256 912 1279 mox
946 1243 1206 1290 despectui²²⁸)
1233 1243 1454 1278 habebantur
1487 1244 1554 1277 nisi
1587 1241 1756 1290 religione
1789 1242 1843 1276 vel
1878 1240 1971 1277 cultu
2006 1243 2174 1277 sancitae.
2226 1243 2304 1277 Hoc

232 1312 316 1336 vero
341 1301 391 1336 ita
415 1301 588 1335 interdum
614 1301 721 1335 fiebat
754 1305 793 1335 ut
818 1300 950 1336 femina
973 1305 1076 1335 vates
1114 1301 1173 1347 (ne
1199 1301 1356 1335 humana
1388 1300 1564 1345 sapientia.
1597 1300 1723 1334 edocta
1747 1298 1942 1344 videretur)
1975 1299 2009 1332 in
2034 1298 2117 1334 fano
2144 1301 2304 1334 afflatum

233 1357 290 1393 dei
315 1352 541 1403 exspectaret,
566 1357 601 1392 id
627 1357 719 1404 quod
744 1358 779 1392 in
798 1358 906 1403 Lycia
930 1357 1118 1403 praecipue
1145 1369 1266 1392 mense
1290 1357 1526 1405 Thargelione
1554 1354 1701 1402 Apollini
1727 1348 1827 1391 sacro
1853 1354 2025 1391 sollemne
2051 1361 2136 1391 erat.
2175 1357 2305 1392 Postea

233 1415 336 1450 certis
361 1414 483 1450 diebus
509 1425 679 1460 responsa
713 1415 777 1460 piis
803 1415 1002 1450 hominibus
1029 1413 1207 1450 dabantur
1240 1418 1275 1449 et
1300 1425 1344 1449 ea
1368 1425 1437 1449 non
1463 1425 1524 1460 per
1549 1419 1669 1448 vatem
1703 1424 1765 1448 seu
1791 1411 1962 1457 Sibyllam
1987 1413 2120 1458 ipsam,
2157 1414 2218 1448 sed
2244 1425 2305 1459 per

233 1471 434 1506 sacerdotes
459 1471 519 1516 qui
545 1482 626 1505 eam
650 1471 968 1518 interrogaverant.
994 1471 1098 1512 Quod
1118 1471 1298 1518 negotium
1323 1482 1403 1505 cum
1428 1471 1492 1505 sibi
1512 1471 1753 1509 vindicassent.
1780 1470 1922 1504 oracula
1948 1476 2026 1504 orta
2042 1476 2130 1510 sunt,
2156 1482 2302 1515 quorum

233 1525 386 1574 plurima
409 1526 536 1572 Apollo
563 1527 695 1569 habuit;
742 1537 953 1571 quamquam
980 1532 1015 1562 et
1039 1528 1139 1562 Jovis
1166 1527 1345 1575 Pelasgici
1371 1526 1606 1562 Dodonaeum
1639 1526 1771 1573 magno
1798 1526 1831 1560 in
1858 1525 1991 1560 honore
2026 1526 2089 1561 suit
2113 1531 2148 1561 et
2173 1527 2302 1561 Telluri

233 1583 443 1628 Delphicum
469 1587 552 1617 ante
568 1583 762 1628 Apollinem
788 1595 930 1618 sacrum
955 1584 1062 1618 fuisse
1087 1584 1236 1619 videtur.
1263 1584 1522 1625 Quaerentibus
1549 1584 1608 1628 qui
1631 1585 1765 1617 factum
1791 1583 1834 1617 sit
1858 1587 1895 1616 ut
1913 1583 2117 1617 sacerdotes
2133 1582 2301 1627 Apollinis

232 1643 332 1674 tanta
356 1639 449 1684 apud
464 1639 621 1674 Graecos
647 1640 857 1674 auctoritate
883 1644 1008 1684 essent,
1032 1644 1127 1675 recte
1152 1640 1289 1675 videtur
1303 1640 1342 1674 E.
1357 1640 1496 1675 Curtius
1523 1639 1751 1684 respondisse,
1779 1643 1912 1683 majore
1930 1639 2065 1673 cultura
2091 1643 2129 1673 et
2144 1639 2301 1674 doctrina

233 1696 419 1731 instructos
446 1706 494 1731 ex
519 1696 630 1741 Lycia
655 1699 692 1731 et
716 1696 821 1732 Caria
845 1696 878 1731 in
905 1696 1083 1742 Europam
1108 1697 1270 1739 venisse,
1295 1697 1346 1732 ita
1369 1700 1408 1732 ut
1433 1697 1586 1732 tribuum
1611 1696 1792 1731 rudiorum
1819 1695 1920 1742 quasi
1945 1701 2192 1742 praeceptores
2218 1697 2300 1732 facti

232 1751 373 1795 sint.²³)
422 1753 501 1787 Hoc
526 1752 623 1787 fonte
648 1753 821 1797 potentiae
857 1754 908 1787 usi
934 1764 1074 1798 semper
1099 1753 1162 1788 sibi
1186 1755 1316 1798 optime
1342 1753 1573 1788 consulebant
1598 1754 1862 1798 quaestionibus
1897 1764 2005 1799 quam
2032 1754 2300 1799 prudentissime

232 1808 494 1854 respondentes.
544 1808 786 1850 Quamobrem
820 1821 908 1855 opus
943 1814 1019 1844 erat
1051 1810 1208 1845 omnium
1241 1810 1423 1845 civitatum
1454 1810 1581 1854 situm,
1618 1822 1721 1855 opes,
1760 1810 1857 1856 leges
1890 1822 2093 1856 moresque,
2131 1811 2239 1846 duces
2265 1817 2301 1845 et

233 1869 410 1909 oratores,
446 1866 632 1900 societates
670 1870 705 1900 et
743 1866 886 1901 discidia
924 1872 1091 1901 accurate
1116 1878 1341 1915 cognoscere.
1392 1868 1583 1902 Praeterea
1621 1878 1788 1911 responsa
1825 1878 1847 1901 a
1886 1867 2104 1912 superiorum
2143 1873 2300 1903 aetatum

163 1961 170 1968 Ι
232 1922 474 1957 sacerdotibus
499 1921 653 1962 reddita,
696 1922 879 1970 diligenter
904 1927 1049 1958 servata
1074 1924 1218 1968 posteris
1256 1928 1339 1958 nota
1364 1929 1472 1958 erant.
1523 1923 1575 1957 De
1600 1935 1717 1957 rerum
1744 1924 1942 1958 suturarum
1969 1923 2206 1968 praedictione
2231 1936 2300 1958 non

233 1979 393 2025 disputo;
431 1979 558 2014 erroris
584 1979 773 2014 manifesta
798 1980 925 2015 indicia
950 1980 1131 2026 quomodo
1157 1980 1267 2015 vitata
1291 1980 1359 2015 sint
1384 1991 1452 2015 non
1478 1981 1690 2028 ignoramus.
1741 1979 1810 2015 Sed
1835 1991 1921 2015 vera
1947 1980 2122 2025 sapientia
2147 1980 2302 2025 putanda

190 2075 202 2087 ι
232 2039 304 2075 est,
342 2047 438 2081 quae
462 2034 567 2070 bonis
593 2036 742 2070 consiliis
754 2034 801 2080 ²⁴)
840 2036 968 2080 populo
1009 2036 1221 2081 saepissime
1253 2037 1394 2081 profuit.
1443 2037 1564 2070 Taceo
1590 2040 1760 2081 quantum
1782 2037 1853 2080 juri
1878 2040 1912 2070 et
1937 2037 2089 2083 legibus,
2131 2041 2300 2081 quantum

231 2091 342 2126 cultui
377 2091 525 2126 deorum
562 2091 823 2133 constituendo,
862 2094 1036 2138 quantum
1073 2092 1301 2127 emendandis
1339 2093 1494 2127 moribus
1531 2092 1713 2127 oraculum
1752 2092 1960 2137 Delphicum
1998 2094 2188 2137 profuerit,
2237 2093 2301 2128 hoc

232 2152 433 2183 memoratu
457 2148 622 2196 dignum,
659 2148 751 2194 quod
790 2149 834 2183 de
871 2149 1124 2194 compositione
1164 2148 1245 2183 anni
1283 2149 1371 2183 bene
1409 2149 1573 2182 meritum
1608 2153 1671 2183 est.
1722 2149 1773 2183 Ne
1806 2149 1888 2194 quid
1922 2150 2014 2183 enim
2053 2149 2098 2183 dii
2125 2151 2301 2185 sacrificiis

231 2204 437 2240 intermissis
450 2209 515 2241 aut
527 2206 735 2250 perturbatis
750 2206 949 2240 detrimenti
962 2209 1137 2251 caperent,
1154 2206 1188 2240 in
1201 2205 1400 2240 civitatibus
1414 2206 1710 2251 Amphictyonum
1723 2205 1857 2241 foederi
1870 2206 2052 2251 adscriptis
2066 2209 2301 2252 ἱερομνήμονες

223 2261 407 2297 “faciebant
423 2265 463 2297 ut
487 2262 640 2297 adhibito
655 2262 906 2308 Delphicorum
922 2262 1068 2297 consilio
1086 2262 1167 2297 anni
1185 2262 1341 2297 ordinem
1358 2261 1492 2309 ubique
1508 2263 1705 2309 aequaliter
1723 2263 1908 2298 sancirent.
1934 2263 2074 2299 Oraculi
2092 2266 2300 2300 auctoritate

231 2328 372 2353 menses
398 2318 571 2355 distributi
596 2324 631 2355 et
656 2317 901 2365 appellati‚²⁵)
937 2318 1020 2355 fasti
1052 2324 1087 2355 et
1111 2318 1237 2355 nefasti
1269 2319 1342 2355 dies
1367 2319 1535 2360 distincti,
1573 2321 1658 2356 certi
1681 2320 1854 2355 mensium
1879 2320 1952 2355 dies
1977 2322 2079 2356 certis
2104 2323 2299 2357 numinibus

231 2376 372 2420 sacrati,
395 2376 479 2412 anni
502 2377 641 2412 lunares
665 2388 747 2413 cum
773 2375 950 2413 solaribus
972 2377 1084 2422 spatio
1108 2377 1346 2413 undecentum
1370 2377 1541 2412 mensium
1568 2378 1715 2423 aequati
1739 2381 1829 2413 sunt.
1842 2376 1894 2424 ²⁶)

404 2433 537 2468 Contra
553 2433 759 2480 plerumque
784 2433 904 2469 deerat
921 2434 1160 2469 sacerdotibus
1182 2445 1227 2469 ea
1243 2438 1281 2468 et
1304 2434 1460 2480 potentia
1477 2439 1512 2469 et
1528 2434 1689 2469 voluntas
1706 2445 1801 2480 quae
1824 2435 2047 2481 ignorantiae
2065 2440 2101 2469 et
2118 2436 2299 2470 barbariae

230 2486 378 2524 faveret.
402 2488 526 2535 Neque
549 2490 674 2538 religio
699 2501 745 2526 ea
768 2494 846 2525 erat
870 2502 964 2537 quae
978 2490 1189 2531 sacerdotes,
1214 2494 1399 2538 tamquam
1424 2489 1514 2526 alius
1541 2495 1577 2526 et
1600 2490 1790 2537 superioris
1814 2491 1953 2538 generis
1970 2496 2094 2532 essent,
2120 2502 2143 2526 a
2168 2493 2298 2537 populo

231 2549 442 2593 segregaret
464 2547 676 2592 nebulisque
712 2547 953 2582 circumdaret.
1002 2547 1091 2582 Nihil
1120 2542 1195 2582 sere
1232 2558 1277 2582 ea
1314 2547 1474 2583 doctrina
1510 2549 1683 2593 maJorem
1707 2548 1895 2593 caliginem
1935 2547 2111 2582 mentibus
2138 2548 2298 2590 offundit,

232 2600 320 2635 deos
344 2601 563 2637 cantionibus
588 2603 670 2651 cogi
683 2614 794 2648 posse
807 2603 1071 2649 potentiamque
1096 2615 1174 2639 esse
1190 2615 1298 2649 penes
1323 2604 1524 2639 sacerdotes
1539 2602 1597 2638 vel
1622 2614 1748 2651 magos
1764 2607 1911 2638 naturae
1935 2602 2071 2651 legibus
2095 2605 2300 2649 oppositam

230 2661 295 2693 aut
316 2656 480 2695 solutam.
529 2660 636 2707 Atqui
659 2660 752 2706 apud
777 2661 935 2696 Graecos
960 2660 1070 2697 etiam
1093 2661 1296 2697 sacerdotes
1320 2661 1401 2697 huic
1425 2661 1514 2706 pesti
1541 2661 1603 2696 vix
1628 2661 1848 2697 indulserunt.
1893 2660 2015 2696 Pauca
2039 2664 2176 2696 tantum
2200 2661 2299 2707 apud

230 2719 357 2758 poetas
380 2715 599 2760 reperiuntur
635 2727 730 2763 quae
760 2718 924 2765 magicen
961 2718 1120 2763 sapiunt,
1157 2717 1201 2753 de
1226 2718 1357 2753 Proteo
1396 2719 1512 2766 cogito
1538 2729 1645 2763 quem
1671 2718 1859 2752 Menelaus
1897 2717 2067 2752 suadente
2091 2717 2301 2754 Leucothea
2330 2723 2333 2726 '
