2485 3003
1251 163 1315 210 :12

233 288 880 333 veluptimumetfortissimunnihil
901 287 1729 336 essesinedeostquoomu'noeoeperik-Hoo
1752 291 2318 339 &hemmonis-undat.

233 344 365 380 Rem-n
388 347 508 381 autem
525 343 722 382 narrationi
746 343 954 390 aliquantum
978 343 1160 381 suavitatis
1184 344 1321 382 additur
1341 346 1413 383 diis
1428 347 1549 384 ubivis
1569 345 1800 390 umbra.
1823 347 1930 388 ado·-
1938 352 1982 385 ut
2004 353 2145 388 mm
2138 350 2316 394 unm

231 410 319 445 quae
344 401 445 435 nobis
471 402 677 447 plerunque
699 401 836 436 videtur
860 400 1041 440 exanimis,
1065 400 1133 435 diis
1158 401 1260 445 plena
1284 402 1379 439 vivat
1399 404 1517 450 quasi,
1539 405 1684 449 satiat,
1707 408 1801 452 agat.
1838 403 1969 452 Inque
1993 414 2097 443 maris
2120 418 2204 443 no·
2213 409 2317 444 rubor

229 457 647 504 quidumcoelmntegit,
672 457 737 491 sed
759 454 1393 500 daenwooobcwaeoe'fflhomleoeum
1412 458 1585 504 relinquit.
1609 460 2085 508 Solniddeuae-eotquis
2107 474 2197 499 usus
2221 468 2316 500 e-et

230 512 500 560 epitheton-nm
510 513 675 559 Τυρίων,
699 511 911 558 aramme,
943 511 1117 558 ἠλέκτωρ,
1154 510 1307 558 dumne,
1343 514 1423 561 quis
1447 524 1568 551 currus
1592 519 1637 551 et
1654 517 1853 562 equorum?
1889 528 1960 565 quo
1998 522 2107 563 pacto
2140 521 2241 556 floret
2274 524 2315 556 ut

228 571 383 605 eundem
416 572 508 605 Juno
545 571 690 605 invitum
728 570 860 605 Oceani
895 568 1061 605 fluctibus
1100 571 1214 617 mergi
1245 572 1406 615 juberet,
1447 582 1551 615 quam
1588 573 1740 617 primum
1776 575 1928 611 Achivos
1964 585 2102 622 pugnae
2139 575 2314 613 laboribus
2348 571 2353 576 ’

230 625 509 673 liberaturum)
555 624 665 663 Venti
689 636 758 661 non
781 636 881 662 mere
907 636 950 661 ac
974 624 1175 673 sirnpliciter
1198 632 1314 662 metus
1337 627 1430 664 aeris
1456 631 1561 666 sunt:
1613 628 1743 668 Boreas
1769 634 1806 667 et
1829 630 2007 678 Zephyrus
2039 634 2078 667 ut
2101 642 2231 682 rogum
2251 644 2314 670 ae-

230 684 379 720 cendant
389 688 618 725 arcessuntun
645 684 831 730 gratiarum
846 684 923 718 loco
944 684 1111 719 sacrificia
1123 689 1244 728 postea
1256 685 1440 730 accepturi.
1463 685 1578 720 Fluvii
1596 687 1704 722 etiam
1724 688 1924 730 irascuntur,
1949 694 2102 736 pugnant
2114 689 2313 736 (Xanthia),

230 740 390 787 precibus
425 746 460 777 et
489 741 587 776 donis
612 741 788 787 placantur
821 738 1046 787 (Sperchius).
1098 739 1175 783 Quo
1200 745 1321 777 ornatu
1354 740 1388 776 in
1411 744 1487 778 arte
1523 741 1658 788 poetica
1691 753 1788 780 suam
1818 749 1970 782 aetatem
2003 757 2080 781 esse
2113 745 2311 784 destina-m

228 797 418 832 Schillerus
455 802 599 842 questus
638 802 715 839 est;
776 797 895 843 itaque
939 808 1045 842 saepe
1082 798 1289 833 carminibus
1319 787 1487 833 “deorum
1527 799 1675 834 nomina
1719 801 1880 841 inseruit
1938 803 2096 848 quamvis
2134 804 2311 850 plerisque

229 854 400 891 lectorum
426 855 549 891 inanes
575 854 652 908 soni
677 857 804 890 essent.
843 853 887 890 Et
912 853 969 890 ille
994 854 1139 901 quidem
1163 853 1198 889 in
1226 853 1358 899 lyricis:
1383 854 1477 902 quid,
1502 854 1535 895 si
1559 854 1741 892 heroicum
1763 868 1893 904 poema
1917 858 1982 895 diis
2006 860 2172 895 careret?
2197 859 2312 897 Multa

228 912 321 947 bella
347 923 461 958 eaque
485 912 735 946 memorabilia
757 915 861 958 gesta
887 915 987 945 sunt:
1025 912 1159 946 nullum
1186 913 1389 956 comparari
1413 924 1494 947 cum
1520 924 1564 947 eo
1590 918 1723 957 potest,
1758 914 1803 949 de
1828 926 1899 960 quo
1924 917 2075 951 consilia
2098 917 2133 951 iu
2159 915 2309 961 Olympo

229 969 458 1004 habebantur.
506 967 693 1014 Quotquot
718 967 924 1003 interierunt
947 968 1074 1002 urbes:
1101 968 1252 1004 maximi
1277 980 1364 1004 sane
1390 975 1443 1004 est
1464 969 1638 1004 momenti
1663 969 1794 1014 Trojae
1819 971 2017 1014 excidium,
2042 972 2137 1019 quod
2163 972 2310 1009 deornm

182 1065 187 1068 ,
228 1028 351 1074 regina
377 1025 555 1072 precibus,
582 1026 776 1071 promissis,
804 1026 884 1060 dolo
911 1026 995 1060 Jovi
1020 1031 1264 1072 extorqueret,
1289 1026 1353 1061 nisi
1373 1027 1450 1070 jam
1474 1024 1557 1061 fatis
1581 1027 1809 1063 constitutum
1834 1033 1938 1064 esset.
1988 1029 2157 1065 Omnibus
2181 1030 2323 1074 ceteris,

226 1085 380 1129 majores
408 1082 571 1133 videntur
594 1082 753 1117 homines
779 1082 839 1118 tali
865 1081 1016 1117 deorum·
1039 1082 1095 1117 vel
1121 1082 1296 1128 praesidio
1324 1083 1377 1117 vel
1403 1082 1585 1118 inimicitia
1604 1082 1848 1131 ,dignil⁵³)·-
1871 1082 1916 1120 In
1930 1085 2092 1131 Odyssea
2116 1086 2308 1132 simplicius

224 1145 278 1174 est
301 1140 484 1174 consilium
510 1151 580 1185 quo
607 1144 715 1184 poeta
739 1140 887 1174 deorum
913 1140 1083 1173 auxilium
1108 1139 1260 1173 adhibet.
1312 1139 1355 1173 Et
1379 1140 1480 1173 Jovis
1502 1139 1645 1184 quidem
1671 1141 1877 1186 plerumque
1900 1153 1969 1176 eae
1994 1151 2112 1187 partes
2136 1147 2236 1183 sunt,
2269 1148 2309 1177 ut

224 1196 335 1232 saciat
360 1207 453 1243 quae
478 1196 645 1231 Minerva
670 1195 849 1244 rogaverit
874 1207 897 1229 α
922 1194 987 1237 63,
1014 1208 1030 1230 s
1055 1195 1116 1236 21,
1138 1199 1216 1236 aut,
1242 1199 1281 1230 ut
1306 1195 1341 1229 in
1366 1196 1435 1229 fine
1461 1195 1645 1240 poematis,
1671 1195 1727 1231 ubi
1753 1194 1925 1242 proelium
1951 1208 2031 1233 curn
2055 1196 2306 1235 Ithacensibus

224 1254 412 1288 imminens
437 1253 567 1288 dirimit
592 1266 620 1286 ω
646 1252 726 1293 539,
752 1252 926 1298 propitius
952 1253 1042 1288 adsit
1066 1253 1099 1286 in
1125 1264 1268 1287 summo
1293 1263 1410 1287 rerum
1436 1251 1645 1287 discrimine.
1670 1250 1775 1287 Idem
1800 1251 1911 1289 Ulixis
1937 1255 2065 1295 socios,
2092 1256 2185 1301 quod
2211 1255 2303 1291 Solis

225 1311 338 1345 bubus
377 1320 447 1344 non
485 1313 734 1356 pepercerunt,
772 1310 918 1344 fulmine
956 1309 1105 1355 percutit
1137 1322 1162 1353 μ
1195 1307 1276 1344 397.
1334 1308 1501 1344 Minerva
1532 1309 1705 1344 Mentoris
1739 1310 1859 1356 specie
1896 1311 2020 1348 induta
2045 1310 2303 1348 Telemachum

224 1368 383 1400 hortatur
408 1371 443 1400 et
475 1367 623 1411 adjuvat
647 1379 670 1399 α
699 1366 782 1405 113,
821 1379 840 1400 ο
869 1368 897 1400 1.
950 1366 1085 1400 Eadem
1112 1370 1245 1412 agente
1271 1366 1453 1400 decretum
1487 1368 1526 1400 fit
1562 1377 1632 1412 quo
1659 1367 1861 1402 Mercurius
1895 1369 1941 1403 ad
1967 1369 2118 1413 Calypso
2145 1370 2302 1404 mittitur.

223 1423 360 1459 Ulixem
387 1422 516 1458 nebula
541 1423 692 1458 cinctum
719 1423 789 1458 dea
814 1422 860 1457 ad
886 1421 1020 1457 Alcinoi
1046 1422 1194 1458 domum
1219 1422 1316 1458 ducit
1340 1435 1361 1467 η
1382 1423 1432 1463 14,
1458 1421 1502 1458 cf.
1529 1422 1642 1459 ¹189.
1669 1422 1770 1467 υ31;
1796 1425 1971 1460 Auroram
1995 1425 2121 1461 retinet
2137 1430 2302 1462 noctem-

221 1491 292 1526 que
318 1481 422 1514 solito
449 1480 646 1526 longiorem
680 1480 794 1514 reddit
828 1489 859 1523 ψ
884 1479 969 1519 245,
1014 1481 1056 1513 cl.
1082 1481 1120 1512 Σ
1139 1478 1220 1514 239.
1271 1480 1394 1525 Neque
1427 1480 1473 1514 ad
1497 1480 1635 1514 minora
1669 1481 1790 1514 officia
1820 1481 2036 1516 descendere
2071 1489 2300 1527 aspernatur:

221 1537 319 1572 bonis
345 1536 461 1572 herois
488 1536 521 1572 in
546 1547 660 1582 specu
685 1536 895 1572 absconditis
921 1535 1034 1581 ipsum
1056 1537 1224 1582 juvenem
1250 1535 1365 1572 reddit
1389 1549 1408 1570 r
1431 1535 1525 1579 370;
1550 1537 1641 1572 cons.
1668 1535 1782 1578 1229.
1808 1550 1837 1571 ω
1857 1535 1951 1578 367;
1977 1538 2010 1573 ei
2036 1541 2073 1574 et
2098 1538 2170 1574 filio
2196 1549 2302 1585 prae-

220 1595 313 1629 lucet
337 1604 440 1629 arma
460 1605 651 1638 procorum
685 1594 951 1639 seponentibus.
1001 1593 1180 1638 Neptunus
1206 1593 1313 1633 Ulixi,
1351 1594 1413 1639 qui
1437 1593 1547 1627 fllium
1573 1594 1657 1637 -ejus
1684 1593 1939 1638 Polyphemum
1967 1596 2172 1630 excaecavit
2197 1609 2220 1629 α
2243 1595 2300 1637 69,

219 1664 230 1685 ι
255 1649 346 1691 536,
380 1650 552 1686 acerrime
579 1650 810 1691 adversatum
849 1649 932 1697 quin
957 1647 1106 1685 libenter
1131 1661 1214 1684 eum
1240 1649 1426 1685 occidisset
1452 1650 1518 1685 nisi
1543 1651 1616 1685 sato
1642 1647 1737 1697 (αἴσῃ
1764 1664 1779 1685 s
1803 1650 1890 1696 288)
1914 1651 2054 1687 vetitus.
2104 1652 2300 1688 Mercurius

208 1704 328 1742 'nuntii
355 1718 502 1741 munere
527 1706 701 1754 fungitur,
726 1718 796 1752 quo
822 1707 857 1741 in
882 1706 995 1741 Iliade
1021 1718 1164 1751 semper
1188 1705 1273 1749 Iris,
1300 1707 1475 1741 medicum
1501 1718 1541 1741 se
1567 1708 1713 1751 praebet
1738 1706 1905 1741 callidum
1930 1701 1951 1741 κ’
1974 1708 2065 1749 277,
2091 1709 2227 1743 animas
2252 1709 2297 1743 ad

216 1764 347 1799 inferos
374 1762 553 1809 compellit
578 1777 606 1798 ω
624 1765 652 1799 1.
685 1764 783 1799 Deae
809 1764 984 1799 minorum
1010 1764 1180 1811 gentium,
1206 1769 1243 1798 ut
1269 1763 1378 1804 Circe,
1405 1763 1572 1809 Calypso,
1598 1764 1840 1812 mythologiae
1866 1765 1981 1810 potius
2006 1776 2113 1811 quam
2139 1764 2298 1813 religioni

217 1832 262 1856 an
289 1821 519 1857 ascribendae
543 1822 611 1856 sint
636 1820 783 1863 dubit-03
813 1821 926 1856 cultus
953 1821 1046 1855 enim
1072 1831 1196 1855 earum
1222 1820 1284 1855 vix
1309 1820 1399 1854 ullus
1425 1825 1510 1855 erat.
1522 1819 1593 1864 6θ’)

392 1890 421 1914 c.
459 1877 506 1917 Be
539 1877 632 1916 ludis
666 1876 867 1924 Nullaque
903 1876 1064 1915 multis.
1115 1876 1303 1919 Quomodo
1330 1876 1461 1911 Bacchi
1497 1876 1620 1912 diebus
1657 1876 1754 1912 festis
1792 1889 1835 1912 ex
1871 1877 2079 1913 rusticorum
2116 1878 2298 1914 hominum

215 1936 396 1970 cantilenis
420 1936 477 1970 dei
500 1935 599 1970 facta
624 1940 660 1970 et
684 1937 762 1969 sata
786 1936 1030 1970 enarrantibus
1056 1939 1092 1969 et
1117 1934 1308 1981 tragoedia
1332 1939 1368 1967 et
1392 1933 1579 1968 comoedia
1603 1938 1683 1968 orta
1708 1935 1760 1974 sit,
1788 1935 1985 1974 accuratius
2011 1946 2080 1969 non
2106 1946 2296 1980 exponam.

216 1994 385 2029 Ceterum
411 1992 478 2028 hoc
504 1993 612 2028 etiam
642 1991 781 2028 videtur
814 1991 872 2027 dei
905 1992 1001 2027 cultu
1031 1993 1182 2032 sactum,
1219 1995 1259 2026 ut
1284 1990 1411 2026 Graeci
1444 1993 1633 2037 utrumque
1665 2002 1778 2039 genus
1813 1990 1999 2040 diligenter
2034 1991 2236 2028 distinctum
2260 1995 2307 2035 et,

214 2049 410 2084 discretum
448 2049 494 2083 ad
530 2050 782 2094 perfectionem
821 2048 1045 2082 adducerent.
1109 2048 1265 2081 Hiberna
1301 2047 1395 2081 enim
1432 2047 1578 2081 Lenaea
1615 2047 1741 2082 choros
1777 2046 1946 2093 lugubres
1985 2047 2162 2082 habebant
2198 2049 2296 2083 mala

215 2107 347 2142 Bacchi
373 2110 559 2147 canentes,
584 2117 693 2141 verna
709 2105 932 2141 Anthesteria
957 2105 1106 2140 hilarem
1132 2104 1403 2149 dithyrambum,
1429 2108 1526 2140 serta
1550 2105 1685 2146 florum,
1715 2103 2009 2151 φαλλοφοράιν.7·)
2035 2124 2079 2131 —
2105 2104 2295 2141 Scientiam

213 2174 330 2198 rerum
358 2162 556 2198 divinarum
591 2168 719 2209 poetae
751 2161 875 2210 tragici
907 2162 1088 2207 percipere
1118 2165 1282 2207 poterant
1315 2161 1440 2205 partim
1475 2172 1523 2195 ex
1555 2162 1668 2195 sacris
1703 2162 1839 2207 publice
1870 2162 2053 2206 institutis,
2091 2163 2219 2207 partim
2251 2173 2294 2197 ex

214 2223 325 2268 poetis
350 2222 614 2266 antiquioribus.
664 2220 897 2265 Quamquam
922 2220 1094 2263 mysteria
1121 2219 1291 2263 Aeschylo
1326 2216 1498 2263 profuisse
1523 2218 1557 2253 in
1591 2219 1847 2264 componendis
1881 2219 2072 2265 tragoediis
2106 2231 2176 2256 non
2206 2220 2293 2256 satis

212 2282 347 2313 certum
372 2281 435 2313 est.
484 2276 642 2324 Quoquo
669 2276 763 2311 enim
796 2275 905 2311 modo
938 2287 976 2310 se
1013 2275 1118 2310 habet
1149 2274 1210 2309 illa
1241 2273 1470 2321 vulgatorum
1503 2274 1751 2318 mysteriorum
1785 2274 2041 2321 accusatio‚⁷¹)
2078 2275 2113 2309 in
2143 2276 2293 2310 servatis

211 2335 355 2380 quidem
381 2335 586 2378 Aeschyleis
611 2334 766 2379 vestigia
789 2333 841 2367 rei
865 2344 934 2367 non
960 2336 1155 2368 occurrunt.
1167 2330 1215 2375 ⁷²)
1265 2331 1390 2375 Neque
1423 2331 1517 2365 enim
1542 2342 1695 2375 usquam
1719 2331 1936 2367 initiatorum
1960 2331 2013 2377 (id
2038 2331 2132 2377 quod
2157 2332 2294 2369 Aristo-

211 2390 346 2437 phanes
371 2389 404 2425 in
438 2389 545 2426 Ranis
578 2399 687 2425 ausus
721 2386 790 2434 est)
816 2388 980 2429 chorum,
1017 2386 1228 2435 tragoediae
1253 2386 1308 2421 vel
1335 2386 1450 2434 magis
1482 2396 1591 2432 quam
1626 2386 1834 2422 comoediae
1860 2391 2002 2432 aptum,
2039 2382 2233 2433 Aeschylus
2257 2387 2291 2422 in

210 2460 355 2484 scenam
382 2447 553 2492 producit.
603 2446 723 2488 Quam
748 2457 832 2482 vero
856 2446 1051 2491 impietatis
1077 2443 1346 2480 accusationem
1371 2444 1416 2479 ab
1441 2443 1591 2479 Aeliano
1618 2444 1810 2485 memoriae
1836 2444 2010 2489 proditam
2040 2444 2184 2490 Baylius
2209 2456 2291 2482 cum

208 2505 367 2541 versibus
402 2501 550 2540 contulit
575 2514 598 2539 a
622 2502 773 2539 Platone
785 2501 833 2544 ¹³)
858 2501 1091 2548 reprehensis,
1128 2511 1174 2536 ea
1210 2500 1327 2536 nescio
1364 2510 1411 2535 an
1449 2510 1471 2534 a
1505 2500 1619 2546 priore
1658 2498 1719 2536 illa
1743 2500 1882 2536 diversa
1905 2501 1960 2536 sit.
2009 2501 2092 2536 Jam
2130 2501 2174 2537 de
2210 2501 2292 2547 ipsa

208 2560 371 2608 Aeinchyli
396 2562 566 2608 religione
591 2561 651 2607 qui
676 2561 902 2606 scripserunt,
928 2562 1064 2607 negant
1088 2556 1193 2607 facile
1218 2559 1252 2593 in
1278 2559 1354 2604 ejus
1372 2558 1565 2606 tragoediis
1589 2559 1746 2605 separari
1772 2569 1868 2606 quae
1884 2559 2065 2606 religionis
2090 2559 2168 2602 sint,
2195 2570 2290 2607 quae

208 2618 396 2667 poeeisfl)
445 2618 609 2662 Quarum
634 2618 809 2665 Haymius
834 2621 1025 2664 utramque
1049 2616 1248 2653 discernere
1271 2619 1423 2652 conatus
1450 2616 1710 2653 contentionem
1735 2616 1827 2652 inter
1851 2627 1914 2654 eas
1938 2616 2049 2653 talem
2073 2616 2225 2658 invenit,
2248 2621 2290 2653 ut

205 2684 282 2714 tum
308 2678 415 2719 haec,
440 2681 518 2713 tum
541 2675 602 2713 illa
626 2676 765 2722 vincat,
789 2679 868 2711 tum
893 2674 1002 2710 dubia
1026 2678 1173 2710 maneat
1196 2674 1358 2710 victoria.
1382 2674 1458 2709 Nos
1483 2675 1653 2722 graviora
1676 2678 1817 2711 tantum
1842 2674 1910 2710 bac
1933 2674 1979 2710 de
2003 2686 2060 2720 re,
2084 2685 2128 2710 ne
2153 2678 2289 2712 ceteros

205 2740 331 2781 poetas
359 2735 602 2783 negligamus,
628 2734 797 2782 colligere
822 2732 948 2769 licebit.
974 2751 1019 2757 ——
1070 2732 1238 2768 Formam
1263 2731 1329 2768 diis
1355 2731 1585 2778 habitumque
1608 2742 1694 2767 eum
1716 2732 1837 2768 tribuit
1858 2735 1985 2777 poeta,
2022 2736 2062 2767 ut
2083 2732 2216 2768 Jovem
2240 2744 2288 2769 ex

207 2792 356 2828 Homeri
380 2792 521 2828 notione
545 2791 676 2829 trotino
705 2790 961 2838 ponderantem
993 2788 1072 2825 fata
1095 2788 1152 2835 (fr.
1175 2786 1279 2835 261).
1322 2787 1523 2834 Apollinem
1547 2799 1651 2830 arcu,
1684 2788 1891 2825 Minervam
1917 2788 2045 2837 aegide
2069 2788 2287 2831 immotam,
