2485 3003
1211 97 1258 145 11

195 229 529 276 probantu-amm.
553 237 624 262 non
649 226 817 273 potuisse
832 228 934 262 tanta
952 226 1116 262 facinora
1138 225 1204 261 nisi
1227 225 1344 261 divino
1371 224 1507 261 auxilio
1533 224 1641 264 offici,
1677 225 1797 258 faeere
1822 228 1935 269 potest
1959 225 2039 270 quin
2066 225 2263 259 exclamet:

196 282 489 322 adnabat—talto
513 291 651 328 nemag
676 283 750 318 diis-
765 282 955 319 conviciari
978 282 1103 319 odiosa
1127 280 1318 329 sapientia!
1366 281 1421 318 Ol.
1446 280 1489 327 9,
1513 280 1569 318 35.
1609 280 1729 316 Minus
1753 280 1858 316 anxie
1881 280 1916 315 in
1940 281 2193 316 uno'carmine
2218 279 2263 316 de

198 342 337 378 duabus
356 340 440 376 rixi!
464 340 554 375 inter
576 340 666 375 deos
690 340 783 374 ortis
798 339 894 385 loqui
919 340 1036 378 nudet.
1061 350 1213 385 quarum
1239 340 1392 375 alteram
1416 340 1528 375 obiter
1542 339 1666 387 tangit,
1690 338 1794 373 alteri
1819 338 1863 372 ob
1876 337 2033 372 Thetidis
2057 338 2262 386 conjugium

197 398 287 434 inoer
308 397 439 433 lovem
465 400 502 431 et
524 395 724 442 Neptunum
758 397 862 430 ortae
892 394 957 430 sati
989 394 1134 430 decreto
1166 396 1273 430 finem
1306 406 1383 431 esse
1412 396 1558 431 allatum
1584 399 1722 439 narrat,
1764 392 1849 431 Isth.
1873 394 1917 429 8:
1951 404 2064 440 neque
2096 394 2264 430 dubitavit

199 453 358 490 (hriustri
382 454 535 494 nomine,
559 453 658 487 Jovis
682 453 752 492 filii,
778 452 894 487 herois
919 465 943 487 a
957 452 1140 487 Oorinthiis
1164 453 1245 492 ficti,
1269 463 1293 486 a
1316 453 1442 487 ceteris
1456 453 1601 487 Graecis
1625 453 1775 487 multum
1801 451 1919 491 derisi,
1945 450 2076 485 ludicre
2092 451 2263 495 proverbii

197 511 310 545 instar
343 510 395 545 uti
430 521 493 556 pro
529 511 707 558 nugatoro
743 507 859 550 fatuo,
896 508 995 544 Nem.
1021 508 1053 544 7.
1101 507 1200 543 Inter
1235 508 1384 543 deorum
1421 508 1575 555 epitheta
1613 512 1753 555 praeter
1789 517 1835 542 ea
1867 517 1962 554 quae
1995 506 2155 542 sensibus
2180 518 2264 552 per-

199 567 374 613 cipiuntur
397 571 438 602 ut
461 565 673 612 κελαινεγχής
695 565 793 601 Nem.
822 566 885 607 10,
922 566 968 601 84
993 566 1038 601 de
1061 562 1198 606 Marte,
1236 565 1461 611 χαλκοκρότος
1487 566 1565 600 lsth.
1591 565 1613 600 7
1639 565 1683 600 de
1701 565 1830 600 Cerere
1853 562 2094 608 cymbalorum
2120 564 2265 605 amanti,

200 622 413 670 ἀργυρόπεζα
437 623 481 658 de
505 621 667 664 Venere,
692 622 930 668 ἐλασιβρόντης
952 623 998 657 de
1021 623 1131 660 Jove.
1164 622 1332 668 ὀρχήστης
1356 622 1401 657 de
1423 622 1601 667 Apolline,
1639 621 1735 656 haud
1759 631 1839 655 raro
1866 631 1909 655 ea
1936 619 2078 654 adhibet
2102 630 2196 665 quae
2221 620 2265 654 ad

200 684 356 715 mentem
382 679 613 725 animumque
637 682 807 724 spectant.
857 678 1007 724 Apollini
1030 682 1187 713 mentem
1220 679 1338 713 tribuit
1363 679 1481 712 omnia
1506 678 1692 718 scientem,
1733 681 1773 712 ut
1796 676 1984 711 mendacio
2015 675 2087 710 falli
2113 680 2266 722 nequeat

200 735 303 781 Pyth.
328 735 368 777 3,
393 734 451 771 29.
476 734 516 776 9,
541 734 609 779 453
648 735 797 771 eundem
835 733 1146 771 clementissimum
1183 735 1360 781 praedicat
1385 733 1447 781 (II,
1473 734 1504 781 p.
1538 733 1610 769 272
1634 733 1838 780 Thimsch),
1880 733 2011 779 pariter
2036 732 2267 768 Cronidarum

201 793 457 826 benevolorum
483 793 696 827 mentionem
723 793 806 827 facit
829 792 931 836 Pyth.
956 792 997 831 2,
1033 791 1091 826 25.
1142 792 1256 827 Unum
1282 803 1394 839 genus
1419 792 1600 826 hominum
1627 802 1705 825 esse
1729 795 1765 825 et
1790 791 1936 825 deorum
1963 795 2087 824 censet
2109 790 2207 824 Nem.
2233 789 2267 834 6,

202 859 275 896 qua
299 859 338 884 re
362 860 431 884 non
456 848 562 884 modo
588 849 745 885 homines
770 848 906 885 facilius
931 848 1036 884 divini
1062 848 1221 894 honoris,
1253 852 1291 884 ut
1315 848 1504 884 Diomedes
1529 848 1629 884 Nem.
1657 848 1720 890 10,
1756 848 1962 893 participes,
2000 846 2062 883 sed
2090 847 2195 882 etiam
2222 848 2268 882 dii

202 906 364 940 humanis
388 905 496 939 animi
521 906 671 940 motibus
706 906 851 940 obnoxii
881 907 990 943 flunt:
1030 909 1130 938 metu
1156 916 1186 938 e.
1211 916 1246 952 g.
1271 907 1468 940 nasciturae
1502 917 1545 939 ex
1570 905 1720 940 Thetide
1753 905 1882 939 subolis
1908 906 1952 938 ab
1979 905 2067 938 illius
2093 905 2268 939 connubio

202 955 429 1007 prohibentur
453 960 537 997 Isth.
564 962 605 1001 8.
632 963 882 1008 obstupescunt
906 961 1048 997 Achillis
1073 962 1171 1007 pueri
1197 960 1325 996 robore
1348 962 1445 997 Nem.
1472 962 1504 997 3.

376 1020 406 1054 b.
443 1018 490 1056 lle
515 1018 668 1057 cunina
692 1018 804 1064 epico.
854 1019 1082 1066 Quamquam
1107 1017 1254 1054 fabulae
1279 1030 1419 1060 sacrae,
1455 1020 1489 1054 in
1515 1019 1641 1066 quibus
1666 1023 1741 1054 tota
1765 1019 1943 1067 religionis
1968 1020 2019 1053 vis
2045 1024 2154 1066 atque
2180 1020 2269 1053 ratio

205 1080 282 1111 erat
306 1077 437 1121 posita,
462 1078 506 1111 ab
530 1077 571 1111 iis
597 1075 906 1124 distinguebantur
931 1086 1025 1123 quae
1052 1080 1236 1121 poetarum
1264 1076 1405 1110 arbitrio
1432 1076 1572 1109 additae
1599 1080 1708 1117 erant,
1734 1069 1851 1110 tafnen
1878 1086 1994 1122 neque
2021 1076 2143 1110 diebus
2170 1075 2268 1110 festis

204 1130 304 1167 fictas
326 1134 480 1178 proferre
504 1133 661 1167 illicitum
679 1136 765 1172 erat,
792 1136 827 1167 et
851 1136 974 1178 postea
990 1133 1126 1167 ratione
1152 1133 1265 1167 cultus
1281 1133 1373 1167 sacri
1398 1133 1491 1167 nulla
1508 1133 1627 1167 habita
1643 1130 1787 1167 fabulae
1805 1144 1915 1178 saepe
1939 1144 2008 1167 non
2026 1138 2098 1167 tam
2126 1133 2271 1167 deorum

205 1189 340 1237 gloriae
359 1198 469 1237 quam
495 1189 692 1224 animorum
711 1187 1003 1224 oblectandorum
1021 1200 1128 1224 causa
1146 1189 1180 1224 in
1197 1189 1371 1235 poematis
1394 1188 1655 1224 adhibebantur.
1682 1189 1919 1231 Quamobrem
1933 1189 2115 1235 utriusque
2130 1189 2269 1236 generis

205 1243 352 1281 fabulae
378 1257 446 1280 non
463 1246 577 1282 solum
603 1257 625 1281 a
640 1244 742 1281 nobis
761 1246 856 1281 haud
881 1244 985 1281 facile
1010 1244 1313 1291 discernuntur,⁸²)
1339 1246 1402 1281 sed
1424 1247 1500 1290 jam
1519 1246 1612 1290 apud
1637 1250 1773 1280 veteres
1798 1246 1831 1280 in
1848 1246 2029 1280 hominum
2056 1246 2272 1280 indoctorum

207 1300 380 1335 mentibus
406 1302 601 1346 permixtae
626 1305 716 1335 sunt.
744 1301 788 1335 Et
806 1301 898 1347 apud
913 1301 1106 1336 Homerum
1129 1301 1271 1348 quidem
1298 1312 1389 1349 quae
1416 1301 1460 1336 de
1485 1300 1548 1335 diis
1574 1304 1757 1336 narrantur
1782 1301 1865 1348 quin
1892 1300 2043 1335 subsidia
2068 1301 2134 1336 sint
2161 1302 2274 1347 operis

207 1358 354 1403 poetici,
391 1363 429 1392 ut
454 1358 599 1393 deorum
626 1356 802 1399 voluntas,
841 1359 909 1398 ira,
944 1369 1045 1393 amor
1070 1359 1173 1404 quasi
1197 1359 1362 1393 machina.
1387 1359 1429 1393 sit
1455 1368 1528 1404 qua
1555 1359 1646 1392 actio
1673 1358 1772 1403 epica
1799 1362 2000 1397 moveatur,
2034 1358 2181 1392 dubitari
2207 1371 2274 1392 non

208 1417 333 1460 potest.
347 1413 397 1461 ⁶³)
431 1415 586 1460 Apparet
611 1415 704 1449 enim
728 1415 817 1449 inter
842 1415 986 1449 deorum
1014 1419 1050 1449 et
1075 1415 1221 1450 heroum
1245 1416 1343 1450 sacta
1368 1425 1448 1450 eam
1474 1414 1766 1449 necessitudinem
1799 1414 2022 1454 intercedere,
2049 1418 2086 1449 ut
2112 1415 2186 1449 sine
2212 1415 2275 1450 illis

208 1483 252 1505 ne
269 1472 417 1518 cogitari
444 1472 586 1517 quidem
610 1470 694 1505 Ilias
712 1472 828 1516 possit.
855 1472 934 1512 Qua
960 1484 998 1506 re
1016 1478 1187 1517 quantum
1213 1472 1408 1514 majestatis
1434 1472 1589 1515 poemati
1613 1472 1799 1510 afferatur,
1826 1475 1999 1515 quantum
2026 1472 2170 1517 vigoris.
2198 1472 2276 1516 quis

203 1533 277 1561 *non
303 1526 426 1562 videt?
475 1526 706 1575 Quamquam
739 1527 913 1564 interdum
947 1538 969 1564 a
995 1527 1058 1564 diis
1090 1528 1167 1564 fieri
1200 1537 1296 1576 quae
1328 1527 1372 1563 iis
1404 1527 1517 1563 minus
1552 1526 1658 1576 digna
1684 1526 1884 1568 videantur,
1922 1526 2097 1563 interdum
2133 1527 2273 1563 heroum

209 1585 373 1619 virtutem
398 1585 505 1619 nimia
523 1586 669 1619 deorum
695 1596 761 1629 ope
780 1586 886 1619 minui
912 1586 1003 1620 hand
1021 1587 1218 1632 negaveris.
1246 1587 1376 1619 Prioris
1402 1587 1540 1632 generis
1566 1591 1648 1619 sunt
1673 1586 1817 1618 Junonis
1844 1589 1878 1618 et
1896 1586 2078 1619 Minervae
2103 1584 2274 1628 implaca-

209 1640 277 1675 bile
301 1640 468 1677 adversus
481 1641 625 1686 TroJ'am
652 1640 771 1676 odium
785 1637 920 1676 Paridis
939 1641 1074 1686 judicio
1100 1642 1277 1677 incensum
1287 1641 1389 1683 4¹28,
1416 1641 1544 1677 summi
1562 1641 1617 1676 dei
1635 1641 1773 1676 animus
1791 1641 1919 1676 uxoriis
1936 1641 2105 1676 illecebris
2125 1642 2274 1676 irretitus

210 1699 255 1736 Π,
293 1698 477 1731 Minervae
509 1698 654 1742 perfidia
678 1700 718 1731 X
741 1709 807 1731 nec
833 1709 900 1731 non
926 1699 971 1731 A.
1021 1698 1090 1731 Sed
1115 1699 1241 1744 integri
1265 1698 1484 1744 perfectique
1510 1709 1627 1731 mores
1662 1708 1727 1730 non
1755 1697 1869 1740 magis
1896 1698 2016 1741 epicae
2042 1697 2138 1742 poesi
2164 1708 2273 1743 quam

207 1753 365 1801 tragicae
390 1754 574 1789 convenire
599 1753 838 1801 videntur2⁶⁴)
865 1759 985 1790 contra
1010 1755 1116 1789 animi
1141 1755 1292 1800 impetus
1316 1758 1351 1790 et
1375 1755 1650 1800 perturbationes
1677 1754 1849 1788 actionem
1869 1754 2079 1788 concitatam
2107 1756 2273 1794 efficiunt,

209 1819 279 1855 qua
303 1810 441 1844 lectoris
476 1811 609 1845 animus
646 1815 804 1845 teneatur
841 1814 877 1844 et
910 1812 1068 1846 trahatur.
1118 1811 1228 1845 Recte
1253 1810 1375 1857 igitur,
1420 1810 1502 1844 dum
1530 1810 1675 1844 deorum
1710 1820 1799 1844 usus
1825 1810 1966 1842 omnino
2001 1810 2142 1844 carmini
2176 1811 2274 1855 epico

207 1865 423 1908 concedatur,
447 1866 488 1902 ad
516 1866 697 1903 hominum
722 1867 981 1903 similitudinem
1008 1867 1054 1902 illi
1079 1865 1357 1915 effinguntur.⁸⁵)
1383 1865 1451 1902 Sed
1478 1867 1581 1902 etiam
1598 1866 1744 1901 heroum
1768 1866 1888 1901 virtuti
1913 1866 2123 1910 aliquantum
2141 1867 2276 1901 videtur

191 1926 309 1967 .poeta
334 1923 530 1963 detrahere,
555 1924 786 1977 ubisacinora
812 1922 982 1959 mirabilia
1008 1935 1075 1958 non
1103 1935 1166 1958 suo
1194 1925 1306 1959 Marte
1331 1924 1392 1957 sed
1418 1923 1540 1956 divinis
1564 1923 1779 1958 adminiculis
1791 1921 1838 1968 ⁸⁶)
1864 1927 2072 1967 perpetrant.
2106 1922 2276 1958 Vulnerat

208 1979 358 2015 Martem
372 1978 582 2015 Diomedes:
608 1983 645 2014 at
669 1990 729 2015 cur
755 1980 932 2026 miremur,
957 1980 985 2015 si
999 1980 1178 2017 Minervae
1203 1980 1310 2015 ductu
1334 1979 1443 2015 ferit?
1476 1980 1705 2028 Magnificum
1731 1990 1824 2021 sane,
1858 1979 1962 2015 unius
1989 1980 2053 2015 viri
2077 1986 2217 2025 aspectu
2241 1985 2275 2015 et

207 2047 294 2070 voce
310 2039 424 2070 totum
441 2037 637 2070 exercitum
653 2037 774 2070 terreri
789 2048 795 2069 :
821 2037 904 2082 quid
920 2047 1015 2077 vem,
1029 2037 1206 2071 siAchillis
1223 2037 1324 2082 capiti
1340 2034 1517 2083 fulgorem
1536 2037 1679 2085 igneum
1699 2037 1766 2071 dea
1780 2037 2018 2081 circumdedit,
2035 2037 2112 2071 voci
2127 2042 2274 2072 aeneum

208 2092 408 2140 clangorem
434 2093 535 2129 simul
553 2093 625 2138 ipsa
643 2091 794 2129 clamans
812 2093 968 2128 addidit?
993 2093 1039 2140 (E
1046 2094 1127 2129 205.
1142 2094 1240 2136 218.)
1265 2094 1387 2128 Nonne
1402 2094 1524 2127 merito
1541 2094 1646 2133 Paris,
1669 2105 1750 2128 cum
1766 2092 1927 2128 Menelao
1942 2093 2137 2129 obtrectare
2151 2095 2275 2131 studet,

206 2151 282 2184 turn
296 2149 516 2194 potissimum
532 2149 594 2184 oin
603 2149 733 2195 Ἀθήνῃ
752 2161 833 2184 eum
846 2150 970 2185 vicisse
986 2150 1158 2185 affirmat?
1184 2148 1239 2195 (Γ
1246 2147 1341 2195 439.)
1367 2149 1437 2184 Sed
1449 2149 1529 2183 vide
1550 2160 1594 2183 ne
1607 2149 1732 2194 injuste
1747 2153 1850 2194 poeta
1866 2150 2092 2194 vituperetur.
2118 2151 2275 2184 Primum

207 2204 309 2241 enim.
336 2206 400 2241 etsi
423 2206 579 2249 heroum,
604 2206 761 2253 inprimis
776 2204 925 2249 Achillis,
950 2206 1069 2244 laudes
1085 2206 1282 2253 praedicare
1298 2205 1451 2248 instituit,
1478 2205 1544 2241 hoc
1568 2205 1783 2253 propositum
1800 2217 1869 2242 non
1890 2206 2003 2243 solum
2022 2207 2189 2253 sequitur,
2214 2208 2274 2244 sed

207 2267 344 2307 praeter
368 2264 527 2299 homines
552 2266 656 2300 etiam
688 2277 761 2305 res,
787 2266 955 2306 actiones,
981 2266 1130 2300 facinora
1154 2265 1254 2310 fingit
1278 2269 1313 2298 et
1336 2264 1521 2309 splendore
1547 2274 1651 2307 quam
1675 2265 1830 2299 maximo
1857 2275 1980 2299 ornare
2006 2266 2130 2299 studet.
2166 2265 2275 2311 Igitur

207 2318 303 2364 quod
321 2312 508 2354 discrimen
526 2319 560 2354 in
581 2330 620 2355 re
644 2320 782 2356 scenica
798 2320 888 2356 inter
912 2331 1079 2367 personas
1104 2325 1139 2355 et
1163 2319 1335 2356 actionem
1359 2319 1551 2361 intercedit,
1576 2319 1671 2355 idem
1696 2319 1731 2355 in
1756 2320 1907 2356 carmine
1933 2320 2072 2356 heroico
2094 2322 2273 2366 reperitur.

207 2376 286 2412 Jam
303 2377 331 2411 si
356 2376 503 2413 deorum
518 2377 645 2414 auxilio
663 2388 888 2423 personarum
906 2378 1046 2423 quidem
1064 2378 1214 2426 dignitas
1233 2377 1435 2419 detrahatur,
1461 2377 1522 2413 sed
1546 2378 1690 2414 actionis
1719 2379 1974 2426 magnificentia
1997 2383 2171 2426 augeatur,
2197 2380 2273 2423 quis

207 2443 275 2466 non
297 2432 356 2468 illo
378 2434 521 2468 crimine
538 2437 695 2469 nostrum
714 2434 894 2470 absolvat?
919 2435 1106 2470 Praeterea
1124 2438 1246 2470 notum
1272 2438 1330 2483 est
1347 2445 1502 2469 summos
1516 2438 1651 2470 tantum
1670 2434 1791 2481 heroas
1808 2435 1935 2469 eximio
1960 2434 2086 2469 robore
2101 2436 2273 2479 animique

207 2488 444 2536 magnitudine
468 2490 686 2526 excellentes
700 2490 859 2526 Homero
885 2489 1009 2539 dignos
1034 2491 1144 2527 videri
1168 2491 1290 2537 quibus
1304 2491 1455 2537 Olympii
1479 2491 1543 2538 ipsi
1568 2491 1787 2538 opitulentur.
1812 2490 1943 2539 Fulgor
1966 2491 2023 2527 ille
2048 2503 2115 2527 non
2130 2492 2271 2528 Achillis

207 2545 242 2580 vi
258 2547 405 2582 effectus
420 2550 515 2582 erat:
542 2550 578 2583 at
601 2545 773 2582 Achillem
799 2559 876 2583 esse
893 2548 1048 2593 oportuit
1071 2548 1128 2583 cui
1151 2552 1285 2584 tantum
1302 2549 1442 2583 honoris
1462 2549 1525 2584 dea
1542 2549 1718 2584 tribueret.
1742 2549 1922 2584 Minervae
1946 2550 2070 2583 robore
2082 2548 2272 2584 Diomedes

206 2601 360 2638 Martem
376 2603 564 2649 percussit:
590 2607 735 2649 quantus
750 2604 812 2647 vir,
829 2605 932 2653 cujus
948 2615 1053 2641 manu
1071 2605 1145 2652 ipsa
1157 2605 1317 2642 Minerva
1333 2604 1508 2642 uteretur!
1534 2606 1622 2641 Cum
1639 2616 1723 2641 vero
1748 2605 1872 2641 heroes
1896 2605 2056 2652 periculis
2074 2606 2273 2652 eripiuntur,

207 2661 247 2692 ut
268 2658 455 2694 a-Ven'ere
479 2660 577 2695 Paris
609 2665 645 2695 et
669 2662 828 2706 Aeneas,
863 2665 967 2707 poeta
996 2666 1069 2696 lum
1103 2666 1198 2697 certe
1228 2663 1264 2697 id
1294 2673 1363 2697 non
1386 2663 1459 2710 agit
1492 2666 1527 2696 ut
1555 2663 1693 2697 illorum
1726 2662 1844 2698 laudes
1869 2662 2051 2707 praedicet.
2063 2662 2111 2708 ε7)
2159 2663 2272 2698 Porro

205 2714 292 2751 illud
309 2720 412 2761 poeta
427 2715 563 2752 videtur
586 2717 755 2753 lectorum
780 2718 878 2763 quasi
901 2721 982 2755 ante
1006 2718 1124 2754 oculos
1141 2718 1309 2764 posuisse,
1332 2719 1512 2754 hominum
1534 2720 1600 2756 sata
1625 2718 1742 2754 divino
1760 2718 1900 2753 numine
1923 2719 1998 2766 regi
2024 2718 2273 2765 hominemque

1112 2782 1116 2788 .
1995 2777 2043 2810 2..
