2485 3003
1234 169 1261 215 4

203 289 333 326 Graeci
359 293 417 333 ut,
457 301 555 339 quae
577 292 691 339 primo
716 293 878 339 ejusdem
909 293 967 330 dei
980 294 1143 331 'fuissent
1166 294 1330 337 nomina,
1369 292 1516 330 diversis
1540 292 1605 329 diis
1630 292 1764 330 darent.
1813 294 1985 340 Exempla
2009 296 2089 330 sunt
2112 299 2188 329 tum
2213 292 2287 335 Sol,
2333 314 2340 319 -

202 345 377 393 Apollo,⁸)
401 347 568 392 Perseus,
593 349 933 397 Bellerophontes,⁸)
957 354 1035 386 tum
1059 349 1197 396 Selene,
1223 351 1384 392 Artemis,
1408 349 1495 396 105)
1521 350 1704 397 Helenae)
1727 354 1806 386 tum
1818 348 2012 392 Vulcanus,
2038 350 2286 386 Prometheus.

201 403 401 441 Praeterea
424 406 625 456 peregrina.
645 406 791 443 numina
822 407 857 443 in
882 418 987 444 usum
1021 418 1127 444 suum
1153 407 1391 444 convertendo
1416 408 1546 445 Graeci
1577 408 1724 457 ingenia
1746 407 1973 448 excolebant:
2012 419 2105 456 quae
2130 407 2225 445 enim
2249 407 2286 444 in

202 460 270 496 illis
293 460 490 507 placebant
526 464 572 498 ab
595 463 650 508 iis,
675 474 769 510 quae
793 463 890 499 cultu
926 464 1073 513 indigna
1105 465 1163 501 vel
1195 466 1241 501 ab
1264 466 1403 501 usitatis
1440 466 1542 501 nimis
1578 466 1696 501 aliena
1727 466 1954 505 videbantur,
1980 464 2226 513 distinguenda
2249 468 2287 500 et

202 517 405 565 separanda
429 522 538 556 erant.
588 519 647 556 Sic
670 519 829 557 Asiatica
852 521 1013 558 Aschera
1037 520 1171 570 (Mater
1194 520 1345 571 magna)
1370 522 1499 569 partim
1522 522 1558 558 in
1584 522 1800 570 Aphroditen
1825 531 2014 564 conversa,
2050 523 2181 568 partim
2205 532 2287 559 cum

203 574 334 611 Cerere
367 580 406 611 et
420 577 569 612 ..lunone
602 579 813 623 conjuncta.
852 579 983 625 partim
1008 580 1155 624 Cybeles
1187 580 1329 615 nomine
1362 580 1459 615 culta
1483 584 1553 621 est,
1591 580 1642 616 ita
1665 584 1706 615 ut
1733 583 1925 621 venustas,
1963 590 2084 623 amor,
2123 579 2240 627 gratia
2264 590 2288 615 a

202 632 400 675 concubitu,
426 632 615 675 fertilitate.
640 635 866 672 matrimonio
891 637 1143 685 sejungeretur.
1170 637 1309 672 Astarte
1333 646 1428 683 quae
1450 636 1486 672 in
1513 636 1647 675 oriente
1672 636 1803 683 partim
1827 635 2005 673 Ascherae
2031 635 2286 682 opponebatur,

202 690 331 736 partim
356 701 437 725 cum
464 701 509 725 ea
533 692 827 734 confundebatur,
852 697 927 728 tum
953 694 1089 729 Athene
1114 692 1356 739 Phoenissa.·)
1381 698 1455 729 tum
1481 694 1636 728 Artemis
1662 694 1766 741 virgo
1791 692 1937 739 (Ephesi
1949 693 2071 738 culta),
2095 692 2285 737 tumEnyo

202 755 348 792 quoque
372 745 558 793 (Bellona)
585 758 664 783 esse
689 749 885 786 videbatur.
899 748 945 795 ¹⁰)
1037 748 1040 750 ’

375 801 435 839 Ita
458 803 584 852 religio
603 804 752 841 Graecis
778 806 930 852 primam
955 806 1175 853 disciplinam
1202 805 1368 853 praebuit
1393 806 1603 848 dialectices,
1629 806 1797 852 principia
1822 804 2068 852 philosophiae
2094 805 2287 852 popularis,

202 858 374 895 scientiae
398 860 561 897 videlicet
585 861 850 907 philosophicae
875 863 1031 898 nondum
1057 863 1335 899 adnumeranda.
1385 863 1552 899 Tollebat
1578 864 1706 899 eadem
1732 863 1869 898 animos
1894 874 1917 898 a
1941 874 2058 898 rerum
2085 867 2214 899 natura
2239 862 2286 898 ad

203 914 314 951 alium
340 915 511 952 mundum
534 918 842 966 qualemcunque,
867 919 1085 966 superiorem
1111 923 1207 955 certe
1231 923 1273 955 ut
1298 919 1523 961 credebatur,
1553 924 1745 966 menteque
1770 918 2042 966 percipiendum.
2092 918 2288 954 Praeterea

203 971 249 1008 de
285 973 360 1008 vita
396 985 540 1021 quoque
577 975 769 1022 animoque
809 977 963 1012 humano
997 977 1159 1025 cogitare
1197 977 1366 1018 docebat,
1405 982 1441 1012 et
1466 988 1510 1012 ea
1535 977 1677 1024 quidem
1714 977 1837 1023 quibus
1873 977 2011 1023 utrique
2049 976 2099 1011 rei
2135 976 2286 1012 multum

202 1029 393 1064 adderetur
418 1030 611 1079 dignitatis.

378 1086 489 1123 Sacra
513 1088 608 1134 apud
633 1089 794 1125 Graecos
819 1091 1082 1128 celebrabantur
1106 1093 1264 1131 occulta,
1291 1092 1336 1127 ad
1363 1102 1456 1137 quae
1482 1091 1606 1126 initiati
1630 1095 1769 1126 tantum
1794 1090 2086 1131 admittebantur,
2120 1089 2288 1134 mysteria

203 1142 334 1179 idcirco
369 1143 479 1184 dicta,
519 1144 633 1180 altera
656 1145 815 1191 Dionyso
850 1147 989 1196 Zagreo
1024 1148 1254 1194 Orphicorum
1289 1148 1451 1192 nomine,
1488 1147 1601 1182 altera
1627 1146 1805 1182 Eleusinia
1831 1146 1950 1182 Cereri
1983 1149 2019 1181 et
2043 1146 2286 1192 Proserpinae.

202 1200 356 1248 Negavit
381 1201 543 1246 Heynius
558 1201 608 1248 ¹¹)
641 1204 817 1247 mysteriis
850 1205 1031 1240 hominum
1065 1206 1200 1240 animos
1232 1205 1394 1240 veritatis
1421 1205 1498 1239 luce
1531 1205 1694 1239 illustrari
1728 1204 1896 1249 potuisse.
1946 1203 2014 1238 Sed
2056 1215 2169 1249 neque
2194 1202 2287 1238 istud

203 1256 248 1291 iis
272 1258 494 1303 propositum
520 1264 613 1303 erat,
654 1259 716 1294 sed
743 1260 812 1295 hoc
837 1261 970 1307 potius,
1005 1266 1045 1296 ut
1070 1262 1283 1296 initiatorum
1309 1261 1446 1296 animos
1484 1261 1528 1296 de
1553 1264 1646 1295 statu
1672 1264 1754 1306 post
1788 1264 1941 1295 mortem
1974 1261 2089 1294 futuro
2115 1259 2285 1294 certiores

202 1314 364 1349 facerent
388 1318 423 1350 et
447 1327 510 1361 per
535 1327 637 1362 spem
663 1318 807 1352 alterius
834 1319 931 1353 vitae
956 1319 1083 1353 timore
1101 1319 1222 1354 mortis
1248 1319 1443 1353 liberarent.
1470 1318 1639 1352 Doctrina
1664 1318 1759 1352 enim
1776 1316 1869 1363 apud
1891 1320 2040 1363 utraque
2058 1316 2284 1364 vulgabatur,

203 1371 363 1407 animum
390 1376 427 1407 et
452 1376 536 1408 ante
573 1385 700 1420 corpus
725 1375 905 1410 exstitisse
931 1379 966 1410 et
991 1382 1069 1421 post
1093 1379 1245 1410 mortem
1279 1373 1517 1410 immortalem
1543 1385 1620 1409 esse
1645 1374 1885 1408 avolaturum.
1937 1373 2028 1408 Eam
2055 1373 2216 1419 Orpheus
2242 1374 2286 1408 ab

202 1428 398 1476 Aegyptiis,
423 1429 468 1464 ab
493 1429 551 1464 illo
566 1430 744 1466 Homerus
770 1436 950 1467 mutuatus
976 1444 1053 1467 esse
1069 1432 1225 1467 Diodoro
1252 1432 1451 1473 videbatur,
1478 1443 1542 1466 nec
1567 1431 1670 1466 hodie
1697 1430 1820 1465 desunt
1845 1430 1905 1476 qui
1924 1430 2171 1476 perantiquam
2196 1430 2287 1464 inter

203 1485 365 1521 Graecos
393 1496 475 1521 eam
501 1486 609 1521 fuisse
634 1492 669 1522 et
694 1492 819 1533 postea
844 1492 981 1524 tantum
1007 1493 1215 1524 renovatam
1242 1492 1373 1534 putent.
1421 1488 1488 1523 Alii
1514 1488 1581 1523 etsi
1606 1488 1769 1522 dubitant
1793 1486 1945 1522 fueritne
1972 1486 2132 1532 Orpheus
2158 1496 2284 1526 annon,

202 1541 270 1577 hoc
294 1553 360 1587 pro
399 1543 584 1587 explorato
623 1544 768 1585 habent,
807 1545 1019 1589 doctrinam,
1059 1546 1102 1580 de
1128 1557 1200 1591 qua
1224 1546 1367 1591 loquor,
1400 1547 1478 1589 jam
1515 1550 1596 1580 ante
1622 1545 1792 1579 Pisistrati
1828 1548 1986 1578 aetatem
2025 1550 2060 1578 et
2096 1541 2286 1590 theologos

202 1597 453 1647 Pythagoreos
478 1599 736 1642 invaluissefl)
786 1601 840 1637 De
867 1602 1128 1637 lustrationibus
1154 1608 1190 1637 et
1214 1602 1409 1643 sacrificiis,
1450 1601 1494 1636 de
1518 1601 1739 1636 caerImoniis
1765 1604 1802 1635 et
1827 1600 1930 1635 laetis
1956 1599 2150 1647 pervigiliis,
2169 1599 2283 1634 vitam

203 1655 347 1690 beatam
371 1656 599 1702 imitantibus,
637 1657 681 1692 de
707 1654 857 1699 choreis,
901 1659 1072 1703 cantibus,
1109 1659 1262 1699 coronis.
1301 1659 1343 1694 de
1370 1659 1529 1703 myrtetis
1557 1663 1591 1693 et
1616 1659 1743 1704 pratis,
1781 1657 1824 1692 de
1850 1658 1940 1692 tibiis
1976 1661 2010 1691 et
2035 1657 2147 1692 taedis
2173 1652 2284 1692 fusius

202 1712 303 1758 loqui
326 1712 394 1748 huc
419 1724 488 1748 non
515 1714 673 1759 pertinet.
725 1715 847 1761 Neque
873 1727 963 1750 nunc
995 1715 1185 1760 dijudicare
1210 1727 1372 1761 possum,
1410 1726 1494 1750 num
1528 1718 1625 1749 recte
1652 1715 1795 1749 Curtius
1810 1713 1856 1759 ¹³)
1891 1714 2105 1748 severiorem
2141 1713 2185 1747 de
2209 1713 2286 1748 vita

202 1769 413 1805 sententiam
432 1781 527 1817 quae
553 1771 705 1817 primum
731 1772 826 1818 apud
840 1772 1040 1808 Hesiodum
1062 1772 1245 1811 invenitur.
1271 1773 1400 1818 partim
1418 1772 1562 1808 oraculo
1578 1771 1746 1817 Delphico
1772 1771 1890 1807 deberi
1911 1769 2114 1807 arbitretur.
2152 1770 2283 1806 Merito

202 1830 297 1861 certe
321 1827 475 1868 monuit,
501 1826 598 1862 illam
625 1829 894 1873 persuasionem
921 1841 989 1864 non
1015 1829 1134 1864 solum
1159 1830 1315 1864 moribus
1340 1829 1404 1863 sed
1429 1830 1538 1863 etiam
1564 1829 1722 1863 culturae
1747 1833 1782 1862 et
1807 1828 1987 1863 doctrinae
2013 1827 2193 1872 prodesse.

376 1884 523 1920 Praeter
548 1885 638 1920 haec
657 1886 823 1931 mysteria
849 1887 1003 1921 maxime
1020 1886 1192 1921 salutaria
1215 1884 1359 1921 fuerunt
1382 1886 1456 1920 alia
1473 1885 1652 1931 quaedam
1677 1896 1779 1920 sacra
1797 1884 1923 1920 eodem
1949 1884 2091 1918 nomine
2109 1883 2284 1918 interdum

203 1940 402 1987 appellata,
440 1953 530 1987 quae
556 1953 637 1977 cum
675 1942 793 1978 furore
830 1944 952 1978 insano
978 1943 1256 1978 celebrabantur.
1283 1943 1437 1988 ideoque
1475 1942 1656 1977 hominum
1683 1942 1857 1976 mentibus
1895 1946 1930 1975 et
1954 1941 2109 1975 moribus
2147 1941 2193 1975 nil
2218 1941 2286 1975 nisi

204 1996 377 2032 damnum
403 1998 561 2033 attulisse
584 1999 759 2034 videntur.
787 2000 954 2035 Curetum
981 2000 1061 2034 dico
1088 2003 1125 2034 et
1151 1999 1403 2043 Corybantium
1430 1999 1515 2033 ritus
1540 2003 1615 2033 tum
1642 1999 1721 2032 Jovi
1749 1998 1907 2038 Cretico,
1934 2001 2009 2032 tum
2035 1997 2143 2031 Matri
2168 1997 2285 2031 Deum

203 2063 343 2095 sacros,
386 2065 540 2100 quorum
565 2059 734 2102 quantum
761 2067 785 2091 a
809 2056 1042 2091 Phoenicibus
1066 2056 1125 2091 vel
1151 2055 1291 2091 aliunde
1314 2056 1461 2091 allatum
1487 2055 1531 2090 sit
1561 2066 1650 2090 nunc
1676 2066 1744 2090 non
1770 2065 1913 2100 quaero.
1963 2053 2089 2088 Nescio
2116 2063 2161 2088 an
2187 2052 2283 2099 apud

169 2120 175 2124 ·
202 2110 366 2157 Phryges
391 2115 428 2145 et
445 2111 603 2146 Graecos
629 2112 837 2147 saltationes
862 2113 945 2147 illae
971 2113 1206 2157 strepitusque
1229 2112 1397 2146 tibiarum
1423 2112 1549 2156 quibus
1575 2116 1709 2146 mentes
1735 2114 1770 2144 et
1795 2109 2022 2144 sacerdotum
2049 2112 2084 2143 et
2109 2109 2284 2144 cultorum

203 2167 511 2213 perturbabantur,
535 2167 571 2203 id
597 2168 663 2203 sibi
687 2168 869 2208 voluerint.
895 2171 935 2203 ut
960 2168 1164 2214 impetuoso
1191 2168 1346 2214 quodam
1371 2167 1535 2213 precandi
1562 2166 1667 2202 modo
1694 2165 1845 2201 numinis
1864 2165 2085 2200 voluntatem
2111 2175 2156 2199 eo
2182 2164 2285 2200 citius

202 2224 435 2267 inflecterent,
474 2225 777 2271 quemadmodum
804 2225 926 2261 Baalis
954 2225 1157 2260 sacerdotes
1190 2226 1425 2260 vociferantes
1461 2229 1497 2259 et
1531 2225 1623 2259 circa
1649 2236 1749 2259 aram
1783 2224 1949 2258 saltantes
1963 2221 2009 2268 ¹⁴)
2044 2227 2079 2257 et
2103 2223 2221 2257 cultris
2246 2234 2285 2257 se

202 2286 404 2330 pungentes
429 2282 537 2317 deum
563 2293 669 2317 suum
694 2283 898 2324 invocasse,
923 2287 962 2317 ut
987 2294 1025 2317 se
1051 2282 1250 2323 exaudiret,
1275 2282 1467 2317 traduntur.
1495 2281 1564 2317 Sed
1590 2285 1775 2327 praeterea
1798 2281 1986 2326 voluptate
2009 2279 2163 2326 quadam
2190 2279 2285 2314 affici

203 2338 367 2374 homiues
392 2338 578 2381 videntur,
604 2350 686 2375 cum
713 2343 813 2374 extra
836 2351 875 2374 se
899 2343 1020 2386 raptos
1046 2346 1081 2374 et
1106 2343 1226 2374 mente
1250 2339 1407 2374 labentes
1433 2350 1473 2373 se
1489 2338 1658 2373 sentiant.
2286 2338 2295 2347 ⁸

376 2396 511 2432 Bacchi
536 2407 681 2443 quoque
706 2407 808 2432 sacra
819 2397 973 2432 Thracia
997 2408 1113 2432 saeva
1138 2400 1175 2431 et
1199 2396 1333 2431 ferocia
1357 2397 1509 2438 suerunt,
1536 2395 1619 2430 dum
1634 2393 1866 2440 ab-Orphicis,
1891 2398 1931 2430 ut
1955 2394 2105 2435 videtur,
2130 2397 2285 2441 purgata

201 2458 297 2490 sunt.
326 2455 418 2490 Cum
442 2465 529 2490 vero
554 2466 624 2489 non
648 2454 802 2489 multum
827 2455 872 2490 ab
896 2453 954 2490 illo
980 2454 1187 2501 ὀργιαστικῷ
1210 2451 1267 2488 vel
1283 2453 1455 2488 Bacchico
1473 2454 1503 2488 is
1517 2451 1614 2488 furor
1639 2452 1778 2487 differre
1798 2451 1992 2496 videretur,
2017 2463 2089 2498 quo
2114 2450 2283 2491 homines,

203 2513 317 2549 afflati
342 2512 460 2547 divino
486 2512 610 2559 spiritu
635 2510 705 2547 sibi
730 2512 814 2554 visi,
839 2513 998 2547 carmina
1021 2511 1255 2547 vaticinantia
1279 2510 1518 2548 effunderent,
1539 2511 1650 2554 juxta
1665 2509 1861 2554 Apollinem
1887 2512 1927 2542 et
1947 2508 2106 2543 Bacchus
2130 2507 2283 2542 fatidicis

201 2574 344 2608 sanctus
368 2571 576 2607 habebatur.
625 2568 744 2606 Venio
770 2570 815 2605 ad
841 2570 1116 2612 divinationem3
1153 2579 1244 2613 quae
1270 2579 1350 2603 cum
1376 2568 1452 2603 sine
1479 2568 1658 2603 hominum
1684 2567 1892 2603 credulitate
1925 2566 2080 2613 quadam
2106 2578 2184 2602 esse
2212 2577 2283 2600 non

200 2629 327 2675 possit,
365 2627 629 2674 superstitionis
665 2626 818 2662 nonnihil
852 2627 1074 2662 Graecorum
1111 2625 1270 2673 religioni
1307 2626 1531 2669 conjunctum
1564 2624 1671 2660 fuisse
1713 2635 1781 2659 non
1820 2627 1874 2658 est
1906 2634 1969 2658 cur
2008 2623 2153 2657 mireris.
2215 2622 2284 2664 Qui

201 2685 344 2731 quidem
369 2696 450 2720 cum
489 2685 524 2719 in
562 2684 667 2719 rebus
706 2682 863 2730 profanis
896 2688 933 2718 et
970 2683 1120 2729 physicis
1158 2680 1290 2716 creduli
1322 2682 1480 2723 suerunt,
1495 2680 1541 2727 ¹⁶)
1581 2685 1655 2716 tum
1690 2680 1734 2715 de
1771 2679 1967 2714 simulacris
2000 2678 2211 2725 templisque
2247 2682 2284 2713 et

201 2743 310 2779 sacris
334 2742 516 2779 arboribus
539 2740 684 2778 fabulas
709 2742 904 2784 finxerunt3
943 2741 1060 2777 multa
1084 2739 1192 2775 etiam
1218 2738 1422 2774 sacerdotes
1456 2749 1652 2784 eorumque
1685 2737 1773 2773 socii
1804 2736 1850 2772 ad
1876 2735 2121 2782 decipiendum
2153 2734 2283 2783 vulgus

201 2801 395 2836 commenti
428 2804 518 2837 sunt.
570 2799 679 2844 Cujus
704 2799 845 2848 generis
870 2800 971 2834 suere
996 2802 1066 2833 tres
1089 2797 1179 2832 istae
1204 2797 1323 2842 pelves
1354 2794 1411 2830 vel
1435 2794 1643 2840 amphorae,
1680 2804 1775 2840 quae
1801 2792 1901 2827 Elide
1926 2791 2124 2840 obsignatis
2148 2792 2282 2827 foribus
